%YAML 1.1
%TAG !u! tag:unity3d.com,2011:
--- !u!1 &79478078
GameObject:
  m_ObjectHideFlags: 0
  m_CorrespondingSourceObject: {fileID: 0}
  m_PrefabInstance: {fileID: 0}
  m_PrefabAsset: {fileID: 0}
  serializedVersion: 6
  m_Component:
  - component: {fileID: 79478079}
  - component: {fileID: 79478082}
  - component: {fileID: 79478081}
  - component: {fileID: 79478080}
  m_Layer: 0
  m_Name: Spotlight and Beam RIG4
  m_TagString: Untagged
  m_Icon: {fileID: 0}
  m_NavMeshLayer: 0
  m_StaticEditorFlags: 0
  m_IsActive: 1
--- !u!4 &79478079
Transform:
  m_ObjectHideFlags: 0
  m_CorrespondingSourceObject: {fileID: 0}
  m_PrefabInstance: {fileID: 0}
  m_PrefabAsset: {fileID: 0}
  m_GameObject: {fileID: 79478078}
  m_LocalRotation: {x: -0.27059805, y: 0.6532815, z: -0.6532815, w: -0.27059805}
  m_LocalPosition: {x: 0, y: 0, z: 0}
  m_LocalScale: {x: 0.10000003, y: 0.1, z: 0.25000006}
  m_Children: []
  m_Father: {fileID: 7040703956489762368}
  m_RootOrder: 0
  m_LocalEulerAnglesHint: {x: 90, y: 180, z: -45}
--- !u!108 &79478082
Light:
  m_ObjectHideFlags: 0
  m_CorrespondingSourceObject: {fileID: 0}
  m_PrefabInstance: {fileID: 0}
  m_PrefabAsset: {fileID: 0}
  m_GameObject: {fileID: 79478078}
  m_Enabled: 1
  serializedVersion: 10
  m_Type: 0
  m_Shape: 0
  m_Color: {r: 1, g: 1, b: 1, a: 1}
  m_Intensity: 200
  m_Range: 15.55
  m_SpotAngle: 38.437096
  m_InnerSpotAngle: 18.43708
  m_CookieSize: 10
  m_Shadows:
    m_Type: 2
    m_Resolution: -1
    m_CustomResolution: -1
    m_Strength: 1
    m_Bias: 0.05
    m_NormalBias: 0.4
    m_NearPlane: 0.2
    m_CullingMatrixOverride:
      e00: 1
      e01: 0
      e02: 0
      e03: 0
      e10: 0
      e11: 1
      e12: 0
      e13: 0
      e20: 0
      e21: 0
      e22: 1
      e23: 0
      e30: 0
      e31: 0
      e32: 0
      e33: 1
    m_UseCullingMatrixOverride: 0
  m_Cookie: {fileID: 0}
  m_DrawHalo: 0
  m_Flare: {fileID: 0}
  m_RenderMode: 0
  m_CullingMask:
    serializedVersion: 2
    m_Bits: 55
  m_RenderingLayerMask: 1
  m_Lightmapping: 4
  m_LightShadowCasterMode: 0
  m_AreaSize: {x: 1, y: 1}
  m_BounceIntensity: 1
  m_ColorTemperature: 6570
  m_UseColorTemperature: 0
  m_BoundingSphereOverride: {x: 0, y: 0, z: 0, w: 0}
  m_UseBoundingSphereOverride: 0
  m_ShadowRadius: 0
  m_ShadowAngle: 0
--- !u!114 &79478081
MonoBehaviour:
  m_ObjectHideFlags: 0
  m_CorrespondingSourceObject: {fileID: 0}
  m_PrefabInstance: {fileID: 0}
  m_PrefabAsset: {fileID: 0}
  m_GameObject: {fileID: 79478078}
  m_Enabled: 1
  m_EditorHideFlags: 0
  m_Script: {fileID: 11500000, guid: 7b69c542c9a8f4f44a3123e3fa103d13, type: 3}
  m_Name: 
  m_EditorClassIdentifier: 
  colorFromLight: 1
  colorMode: 0
  color: {r: 1, g: 1, b: 1, a: 1}
  colorGradient:
    serializedVersion: 2
    key0: {r: 1, g: 1, b: 1, a: 1}
    key1: {r: 1, g: 1, b: 1, a: 1}
    key2: {r: 0, g: 0, b: 0, a: 0}
    key3: {r: 0, g: 0, b: 0, a: 0}
    key4: {r: 0, g: 0, b: 0, a: 0}
    key5: {r: 0, g: 0, b: 0, a: 0}
    key6: {r: 0, g: 0, b: 0, a: 0}
    key7: {r: 0, g: 0, b: 0, a: 0}
    ctime0: 0
    ctime1: 65535
    ctime2: 0
    ctime3: 0
    ctime4: 0
    ctime5: 0
    ctime6: 0
    ctime7: 0
    atime0: 0
    atime1: 65535
    atime2: 0
    atime3: 0
    atime4: 0
    atime5: 0
    atime6: 0
    atime7: 0
    m_Mode: 0
    m_NumColorKeys: 2
    m_NumAlphaKeys: 2
  intensityFromLight: 0
  intensityModeAdvanced: 0
  intensityInside: 0.2
  intensityOutside: 0.2
  blendingMode: 0
  spotAngleFromLight: 0
  spotAngle: 60.2
  coneRadiusStart: 0.1
  geomMeshType: 0
  geomCustomSides: 18
  geomCustomSegments: 5
  geomCap: 0
  fallOffEndFromLight: 1
  attenuationEquation: 1
  attenuationCustomBlending: 0.5
  fallOffStart: 0
  fallOffEnd: 15.55
  depthBlendDistance: 2
  cameraClippingDistance: 0.5
  glareFrontal: 0.5
  glareBehind: 0.5
  fresnelPow: 2.1100001
  noiseMode: 0
  _DEPRECATED_NoiseEnabled: 0
  noiseIntensity: 0.5
  noiseScaleUseGlobal: 1
  noiseScaleLocal: 0.5
  noiseVelocityUseGlobal: 1
  noiseVelocityLocal: {x: 0.07, y: 0.18, z: 0.05}
  pluginVersion: 1820
  _TrackChangesDuringPlaytime: 0
  _SortingLayerID: 0
  _SortingOrder: 0
  _FadeOutBegin: -150
  _FadeOutEnd: -200
--- !u!114 &79478080
MonoBehaviour:
  m_ObjectHideFlags: 0
  m_CorrespondingSourceObject: {fileID: 0}
  m_PrefabInstance: {fileID: 0}
  m_PrefabAsset: {fileID: 0}
  m_GameObject: {fileID: 79478078}
  m_Enabled: 1
  m_EditorHideFlags: 0
  m_Script: {fileID: 11500000, guid: 474bcb49853aa07438625e644c072ee6, type: 3}
  m_Name: 
  m_EditorClassIdentifier: 
  m_UsePipelineSettings: 1
--- !u!1 &156865296
GameObject:
  m_ObjectHideFlags: 0
  m_CorrespondingSourceObject: {fileID: 0}
  m_PrefabInstance: {fileID: 0}
  m_PrefabAsset: {fileID: 0}
  serializedVersion: 6
  m_Component:
  - component: {fileID: 156865297}
  - component: {fileID: 156865300}
  - component: {fileID: 156865299}
  - component: {fileID: 156865298}
  m_Layer: 0
  m_Name: Spotlight and Beam RIG1
  m_TagString: Untagged
  m_Icon: {fileID: 0}
  m_NavMeshLayer: 0
  m_StaticEditorFlags: 0
  m_IsActive: 1
--- !u!4 &156865297
Transform:
  m_ObjectHideFlags: 0
  m_CorrespondingSourceObject: {fileID: 0}
  m_PrefabInstance: {fileID: 0}
  m_PrefabAsset: {fileID: 0}
  m_GameObject: {fileID: 156865296}
  m_LocalRotation: {x: -0.27059805, y: 0.6532815, z: -0.6532815, w: -0.27059805}
  m_LocalPosition: {x: 0, y: 0, z: 0}
  m_LocalScale: {x: 0.10000003, y: 0.1, z: 0.25000006}
  m_Children: []
  m_Father: {fileID: 2272115936002360600}
  m_RootOrder: 0
  m_LocalEulerAnglesHint: {x: 90, y: 180, z: -45}
--- !u!108 &156865300
Light:
  m_ObjectHideFlags: 0
  m_CorrespondingSourceObject: {fileID: 0}
  m_PrefabInstance: {fileID: 0}
  m_PrefabAsset: {fileID: 0}
  m_GameObject: {fileID: 156865296}
  m_Enabled: 1
  serializedVersion: 10
  m_Type: 0
  m_Shape: 0
  m_Color: {r: 1, g: 1, b: 1, a: 1}
  m_Intensity: 200
  m_Range: 15.55
  m_SpotAngle: 38.437096
  m_InnerSpotAngle: 18.43708
  m_CookieSize: 10
  m_Shadows:
    m_Type: 2
    m_Resolution: -1
    m_CustomResolution: -1
    m_Strength: 1
    m_Bias: 0.05
    m_NormalBias: 0.4
    m_NearPlane: 0.2
    m_CullingMatrixOverride:
      e00: 1
      e01: 0
      e02: 0
      e03: 0
      e10: 0
      e11: 1
      e12: 0
      e13: 0
      e20: 0
      e21: 0
      e22: 1
      e23: 0
      e30: 0
      e31: 0
      e32: 0
      e33: 1
    m_UseCullingMatrixOverride: 0
  m_Cookie: {fileID: 0}
  m_DrawHalo: 0
  m_Flare: {fileID: 0}
  m_RenderMode: 0
  m_CullingMask:
    serializedVersion: 2
    m_Bits: 55
  m_RenderingLayerMask: 1
  m_Lightmapping: 4
  m_LightShadowCasterMode: 0
  m_AreaSize: {x: 1, y: 1}
  m_BounceIntensity: 1
  m_ColorTemperature: 6570
  m_UseColorTemperature: 0
  m_BoundingSphereOverride: {x: 0, y: 0, z: 0, w: 0}
  m_UseBoundingSphereOverride: 0
  m_ShadowRadius: 0
  m_ShadowAngle: 0
--- !u!114 &156865299
MonoBehaviour:
  m_ObjectHideFlags: 0
  m_CorrespondingSourceObject: {fileID: 0}
  m_PrefabInstance: {fileID: 0}
  m_PrefabAsset: {fileID: 0}
  m_GameObject: {fileID: 156865296}
  m_Enabled: 1
  m_EditorHideFlags: 0
  m_Script: {fileID: 11500000, guid: 7b69c542c9a8f4f44a3123e3fa103d13, type: 3}
  m_Name: 
  m_EditorClassIdentifier: 
  colorFromLight: 1
  colorMode: 0
  color: {r: 1, g: 1, b: 1, a: 1}
  colorGradient:
    serializedVersion: 2
    key0: {r: 1, g: 1, b: 1, a: 1}
    key1: {r: 1, g: 1, b: 1, a: 1}
    key2: {r: 0, g: 0, b: 0, a: 0}
    key3: {r: 0, g: 0, b: 0, a: 0}
    key4: {r: 0, g: 0, b: 0, a: 0}
    key5: {r: 0, g: 0, b: 0, a: 0}
    key6: {r: 0, g: 0, b: 0, a: 0}
    key7: {r: 0, g: 0, b: 0, a: 0}
    ctime0: 0
    ctime1: 65535
    ctime2: 0
    ctime3: 0
    ctime4: 0
    ctime5: 0
    ctime6: 0
    ctime7: 0
    atime0: 0
    atime1: 65535
    atime2: 0
    atime3: 0
    atime4: 0
    atime5: 0
    atime6: 0
    atime7: 0
    m_Mode: 0
    m_NumColorKeys: 2
    m_NumAlphaKeys: 2
  intensityFromLight: 0
  intensityModeAdvanced: 0
  intensityInside: 0.2
  intensityOutside: 0.2
  blendingMode: 0
  spotAngleFromLight: 0
  spotAngle: 60.2
  coneRadiusStart: 0.1
  geomMeshType: 0
  geomCustomSides: 18
  geomCustomSegments: 5
  geomCap: 0
  fallOffEndFromLight: 1
  attenuationEquation: 1
  attenuationCustomBlending: 0.5
  fallOffStart: 0
  fallOffEnd: 15.55
  depthBlendDistance: 2
  cameraClippingDistance: 0.5
  glareFrontal: 0.5
  glareBehind: 0.5
  fresnelPow: 2.1100001
  noiseMode: 0
  _DEPRECATED_NoiseEnabled: 0
  noiseIntensity: 0.5
  noiseScaleUseGlobal: 1
  noiseScaleLocal: 0.5
  noiseVelocityUseGlobal: 1
  noiseVelocityLocal: {x: 0.07, y: 0.18, z: 0.05}
  pluginVersion: 1820
  _TrackChangesDuringPlaytime: 0
  _SortingLayerID: 0
  _SortingOrder: 0
  _FadeOutBegin: -150
  _FadeOutEnd: -200
--- !u!114 &156865298
MonoBehaviour:
  m_ObjectHideFlags: 0
  m_CorrespondingSourceObject: {fileID: 0}
  m_PrefabInstance: {fileID: 0}
  m_PrefabAsset: {fileID: 0}
  m_GameObject: {fileID: 156865296}
  m_Enabled: 1
  m_EditorHideFlags: 0
  m_Script: {fileID: 11500000, guid: 474bcb49853aa07438625e644c072ee6, type: 3}
  m_Name: 
  m_EditorClassIdentifier: 
  m_UsePipelineSettings: 1
--- !u!1 &299291894
GameObject:
  m_ObjectHideFlags: 0
  m_CorrespondingSourceObject: {fileID: 0}
  m_PrefabInstance: {fileID: 0}
  m_PrefabAsset: {fileID: 0}
  serializedVersion: 6
  m_Component:
  - component: {fileID: 299291895}
  - component: {fileID: 299291898}
  - component: {fileID: 299291897}
  - component: {fileID: 299291896}
  m_Layer: 0
  m_Name: Spotlight and Beam RIG3
  m_TagString: Untagged
  m_Icon: {fileID: 0}
  m_NavMeshLayer: 0
  m_StaticEditorFlags: 0
  m_IsActive: 1
--- !u!4 &299291895
Transform:
  m_ObjectHideFlags: 0
  m_CorrespondingSourceObject: {fileID: 0}
  m_PrefabInstance: {fileID: 0}
  m_PrefabAsset: {fileID: 0}
  m_GameObject: {fileID: 299291894}
  m_LocalRotation: {x: -0.27059805, y: 0.6532815, z: -0.6532815, w: -0.27059805}
  m_LocalPosition: {x: 0, y: 0, z: 0}
  m_LocalScale: {x: 0.10000003, y: 0.1, z: 0.25000006}
  m_Children: []
  m_Father: {fileID: 8967684129188722767}
  m_RootOrder: 0
  m_LocalEulerAnglesHint: {x: 90, y: 180, z: -45}
--- !u!108 &299291898
Light:
  m_ObjectHideFlags: 0
  m_CorrespondingSourceObject: {fileID: 0}
  m_PrefabInstance: {fileID: 0}
  m_PrefabAsset: {fileID: 0}
  m_GameObject: {fileID: 299291894}
  m_Enabled: 1
  serializedVersion: 10
  m_Type: 0
  m_Shape: 0
  m_Color: {r: 1, g: 1, b: 1, a: 1}
  m_Intensity: 200
  m_Range: 15.55
  m_SpotAngle: 38.437096
  m_InnerSpotAngle: 18.43708
  m_CookieSize: 10
  m_Shadows:
    m_Type: 2
    m_Resolution: -1
    m_CustomResolution: -1
    m_Strength: 1
    m_Bias: 0.05
    m_NormalBias: 0.4
    m_NearPlane: 0.2
    m_CullingMatrixOverride:
      e00: 1
      e01: 0
      e02: 0
      e03: 0
      e10: 0
      e11: 1
      e12: 0
      e13: 0
      e20: 0
      e21: 0
      e22: 1
      e23: 0
      e30: 0
      e31: 0
      e32: 0
      e33: 1
    m_UseCullingMatrixOverride: 0
  m_Cookie: {fileID: 0}
  m_DrawHalo: 0
  m_Flare: {fileID: 0}
  m_RenderMode: 0
  m_CullingMask:
    serializedVersion: 2
    m_Bits: 55
  m_RenderingLayerMask: 1
  m_Lightmapping: 4
  m_LightShadowCasterMode: 0
  m_AreaSize: {x: 1, y: 1}
  m_BounceIntensity: 1
  m_ColorTemperature: 6570
  m_UseColorTemperature: 0
  m_BoundingSphereOverride: {x: 0, y: 0, z: 0, w: 0}
  m_UseBoundingSphereOverride: 0
  m_ShadowRadius: 0
  m_ShadowAngle: 0
--- !u!114 &299291897
MonoBehaviour:
  m_ObjectHideFlags: 0
  m_CorrespondingSourceObject: {fileID: 0}
  m_PrefabInstance: {fileID: 0}
  m_PrefabAsset: {fileID: 0}
  m_GameObject: {fileID: 299291894}
  m_Enabled: 1
  m_EditorHideFlags: 0
  m_Script: {fileID: 11500000, guid: 7b69c542c9a8f4f44a3123e3fa103d13, type: 3}
  m_Name: 
  m_EditorClassIdentifier: 
  colorFromLight: 1
  colorMode: 0
  color: {r: 1, g: 1, b: 1, a: 1}
  colorGradient:
    serializedVersion: 2
    key0: {r: 1, g: 1, b: 1, a: 1}
    key1: {r: 1, g: 1, b: 1, a: 1}
    key2: {r: 0, g: 0, b: 0, a: 0}
    key3: {r: 0, g: 0, b: 0, a: 0}
    key4: {r: 0, g: 0, b: 0, a: 0}
    key5: {r: 0, g: 0, b: 0, a: 0}
    key6: {r: 0, g: 0, b: 0, a: 0}
    key7: {r: 0, g: 0, b: 0, a: 0}
    ctime0: 0
    ctime1: 65535
    ctime2: 0
    ctime3: 0
    ctime4: 0
    ctime5: 0
    ctime6: 0
    ctime7: 0
    atime0: 0
    atime1: 65535
    atime2: 0
    atime3: 0
    atime4: 0
    atime5: 0
    atime6: 0
    atime7: 0
    m_Mode: 0
    m_NumColorKeys: 2
    m_NumAlphaKeys: 2
  intensityFromLight: 0
  intensityModeAdvanced: 0
  intensityInside: 0.2
  intensityOutside: 0.2
  blendingMode: 0
  spotAngleFromLight: 0
  spotAngle: 60.2
  coneRadiusStart: 0.1
  geomMeshType: 0
  geomCustomSides: 18
  geomCustomSegments: 5
  geomCap: 0
  fallOffEndFromLight: 1
  attenuationEquation: 1
  attenuationCustomBlending: 0.5
  fallOffStart: 0
  fallOffEnd: 15.55
  depthBlendDistance: 2
  cameraClippingDistance: 0.5
  glareFrontal: 0.5
  glareBehind: 0.5
  fresnelPow: 2.1100001
  noiseMode: 0
  _DEPRECATED_NoiseEnabled: 0
  noiseIntensity: 0.5
  noiseScaleUseGlobal: 1
  noiseScaleLocal: 0.5
  noiseVelocityUseGlobal: 1
  noiseVelocityLocal: {x: 0.07, y: 0.18, z: 0.05}
  pluginVersion: 1820
  _TrackChangesDuringPlaytime: 0
  _SortingLayerID: 0
  _SortingOrder: 0
  _FadeOutBegin: -150
  _FadeOutEnd: -200
--- !u!114 &299291896
MonoBehaviour:
  m_ObjectHideFlags: 0
  m_CorrespondingSourceObject: {fileID: 0}
  m_PrefabInstance: {fileID: 0}
  m_PrefabAsset: {fileID: 0}
  m_GameObject: {fileID: 299291894}
  m_Enabled: 1
  m_EditorHideFlags: 0
  m_Script: {fileID: 11500000, guid: 474bcb49853aa07438625e644c072ee6, type: 3}
  m_Name: 
  m_EditorClassIdentifier: 
  m_UsePipelineSettings: 1
--- !u!1 &512657086
GameObject:
  m_ObjectHideFlags: 0
  m_CorrespondingSourceObject: {fileID: 0}
  m_PrefabInstance: {fileID: 0}
  m_PrefabAsset: {fileID: 0}
  serializedVersion: 6
  m_Component:
  - component: {fileID: 512657087}
  - component: {fileID: 512657090}
  - component: {fileID: 512657089}
  - component: {fileID: 512657088}
  m_Layer: 0
  m_Name: Spotlight and Beam RIG5 (1)
  m_TagString: Untagged
  m_Icon: {fileID: 0}
  m_NavMeshLayer: 0
  m_StaticEditorFlags: 0
  m_IsActive: 1
--- !u!4 &512657087
Transform:
  m_ObjectHideFlags: 0
  m_CorrespondingSourceObject: {fileID: 0}
  m_PrefabInstance: {fileID: 0}
  m_PrefabAsset: {fileID: 0}
  m_GameObject: {fileID: 512657086}
  m_LocalRotation: {x: -0.27059805, y: 0.6532815, z: -0.6532815, w: -0.27059805}
  m_LocalPosition: {x: 0, y: 0, z: 0}
  m_LocalScale: {x: 0.10000003, y: 0.1, z: 0.25000006}
  m_Children: []
  m_Father: {fileID: 862543519923863476}
  m_RootOrder: 0
  m_LocalEulerAnglesHint: {x: 90, y: 180, z: -45}
--- !u!108 &512657090
Light:
  m_ObjectHideFlags: 0
  m_CorrespondingSourceObject: {fileID: 0}
  m_PrefabInstance: {fileID: 0}
  m_PrefabAsset: {fileID: 0}
  m_GameObject: {fileID: 512657086}
  m_Enabled: 1
  serializedVersion: 10
  m_Type: 0
  m_Shape: 0
  m_Color: {r: 1, g: 1, b: 1, a: 1}
  m_Intensity: 200
  m_Range: 15.55
  m_SpotAngle: 38.437096
  m_InnerSpotAngle: 18.43708
  m_CookieSize: 10
  m_Shadows:
    m_Type: 2
    m_Resolution: -1
    m_CustomResolution: -1
    m_Strength: 1
    m_Bias: 0.05
    m_NormalBias: 0.4
    m_NearPlane: 0.2
    m_CullingMatrixOverride:
      e00: 1
      e01: 0
      e02: 0
      e03: 0
      e10: 0
      e11: 1
      e12: 0
      e13: 0
      e20: 0
      e21: 0
      e22: 1
      e23: 0
      e30: 0
      e31: 0
      e32: 0
      e33: 1
    m_UseCullingMatrixOverride: 0
  m_Cookie: {fileID: 0}
  m_DrawHalo: 0
  m_Flare: {fileID: 0}
  m_RenderMode: 0
  m_CullingMask:
    serializedVersion: 2
    m_Bits: 55
  m_RenderingLayerMask: 1
  m_Lightmapping: 4
  m_LightShadowCasterMode: 0
  m_AreaSize: {x: 1, y: 1}
  m_BounceIntensity: 1
  m_ColorTemperature: 6570
  m_UseColorTemperature: 0
  m_BoundingSphereOverride: {x: 0, y: 0, z: 0, w: 0}
  m_UseBoundingSphereOverride: 0
  m_ShadowRadius: 0
  m_ShadowAngle: 0
--- !u!114 &512657089
MonoBehaviour:
  m_ObjectHideFlags: 0
  m_CorrespondingSourceObject: {fileID: 0}
  m_PrefabInstance: {fileID: 0}
  m_PrefabAsset: {fileID: 0}
  m_GameObject: {fileID: 512657086}
  m_Enabled: 1
  m_EditorHideFlags: 0
  m_Script: {fileID: 11500000, guid: 7b69c542c9a8f4f44a3123e3fa103d13, type: 3}
  m_Name: 
  m_EditorClassIdentifier: 
  colorFromLight: 1
  colorMode: 0
  color: {r: 1, g: 1, b: 1, a: 1}
  colorGradient:
    serializedVersion: 2
    key0: {r: 1, g: 1, b: 1, a: 1}
    key1: {r: 1, g: 1, b: 1, a: 1}
    key2: {r: 0, g: 0, b: 0, a: 0}
    key3: {r: 0, g: 0, b: 0, a: 0}
    key4: {r: 0, g: 0, b: 0, a: 0}
    key5: {r: 0, g: 0, b: 0, a: 0}
    key6: {r: 0, g: 0, b: 0, a: 0}
    key7: {r: 0, g: 0, b: 0, a: 0}
    ctime0: 0
    ctime1: 65535
    ctime2: 0
    ctime3: 0
    ctime4: 0
    ctime5: 0
    ctime6: 0
    ctime7: 0
    atime0: 0
    atime1: 65535
    atime2: 0
    atime3: 0
    atime4: 0
    atime5: 0
    atime6: 0
    atime7: 0
    m_Mode: 0
    m_NumColorKeys: 2
    m_NumAlphaKeys: 2
  intensityFromLight: 0
  intensityModeAdvanced: 0
  intensityInside: 0.2
  intensityOutside: 0.2
  blendingMode: 0
  spotAngleFromLight: 0
  spotAngle: 60.2
  coneRadiusStart: 0.1
  geomMeshType: 0
  geomCustomSides: 18
  geomCustomSegments: 5
  geomCap: 0
  fallOffEndFromLight: 1
  attenuationEquation: 1
  attenuationCustomBlending: 0.5
  fallOffStart: 0
  fallOffEnd: 15.55
  depthBlendDistance: 2
  cameraClippingDistance: 0.5
  glareFrontal: 0.5
  glareBehind: 0.5
  fresnelPow: 2.1100001
  noiseMode: 0
  _DEPRECATED_NoiseEnabled: 0
  noiseIntensity: 0.5
  noiseScaleUseGlobal: 1
  noiseScaleLocal: 0.5
  noiseVelocityUseGlobal: 1
  noiseVelocityLocal: {x: 0.07, y: 0.18, z: 0.05}
  pluginVersion: 1820
  _TrackChangesDuringPlaytime: 0
  _SortingLayerID: 0
  _SortingOrder: 0
  _FadeOutBegin: -150
  _FadeOutEnd: -200
--- !u!114 &512657088
MonoBehaviour:
  m_ObjectHideFlags: 0
  m_CorrespondingSourceObject: {fileID: 0}
  m_PrefabInstance: {fileID: 0}
  m_PrefabAsset: {fileID: 0}
  m_GameObject: {fileID: 512657086}
  m_Enabled: 1
  m_EditorHideFlags: 0
  m_Script: {fileID: 11500000, guid: 474bcb49853aa07438625e644c072ee6, type: 3}
  m_Name: 
  m_EditorClassIdentifier: 
  m_UsePipelineSettings: 1
--- !u!1 &1310820710
GameObject:
  m_ObjectHideFlags: 0
  m_CorrespondingSourceObject: {fileID: 0}
  m_PrefabInstance: {fileID: 0}
  m_PrefabAsset: {fileID: 0}
  serializedVersion: 6
  m_Component:
  - component: {fileID: 1310820711}
  - component: {fileID: 1310820714}
  - component: {fileID: 1310820713}
  - component: {fileID: 1310820712}
  m_Layer: 0
  m_Name: Spotlight and Beam RIG5
  m_TagString: Untagged
  m_Icon: {fileID: 0}
  m_NavMeshLayer: 0
  m_StaticEditorFlags: 0
  m_IsActive: 1
--- !u!4 &1310820711
Transform:
  m_ObjectHideFlags: 0
  m_CorrespondingSourceObject: {fileID: 0}
  m_PrefabInstance: {fileID: 0}
  m_PrefabAsset: {fileID: 0}
  m_GameObject: {fileID: 1310820710}
  m_LocalRotation: {x: -0.27059805, y: 0.6532815, z: -0.6532815, w: -0.27059805}
  m_LocalPosition: {x: 0, y: 0, z: 0}
  m_LocalScale: {x: 0.10000003, y: 0.1, z: 0.25000006}
  m_Children: []
  m_Father: {fileID: 5206981163815742702}
  m_RootOrder: 0
  m_LocalEulerAnglesHint: {x: 90, y: 180, z: -45}
--- !u!108 &1310820714
Light:
  m_ObjectHideFlags: 0
  m_CorrespondingSourceObject: {fileID: 0}
  m_PrefabInstance: {fileID: 0}
  m_PrefabAsset: {fileID: 0}
  m_GameObject: {fileID: 1310820710}
  m_Enabled: 1
  serializedVersion: 10
  m_Type: 0
  m_Shape: 0
  m_Color: {r: 1, g: 1, b: 1, a: 1}
  m_Intensity: 200
  m_Range: 15.55
  m_SpotAngle: 38.437096
  m_InnerSpotAngle: 18.43708
  m_CookieSize: 10
  m_Shadows:
    m_Type: 2
    m_Resolution: -1
    m_CustomResolution: -1
    m_Strength: 1
    m_Bias: 0.05
    m_NormalBias: 0.4
    m_NearPlane: 0.2
    m_CullingMatrixOverride:
      e00: 1
      e01: 0
      e02: 0
      e03: 0
      e10: 0
      e11: 1
      e12: 0
      e13: 0
      e20: 0
      e21: 0
      e22: 1
      e23: 0
      e30: 0
      e31: 0
      e32: 0
      e33: 1
    m_UseCullingMatrixOverride: 0
  m_Cookie: {fileID: 0}
  m_DrawHalo: 0
  m_Flare: {fileID: 0}
  m_RenderMode: 0
  m_CullingMask:
    serializedVersion: 2
    m_Bits: 55
  m_RenderingLayerMask: 1
  m_Lightmapping: 4
  m_LightShadowCasterMode: 0
  m_AreaSize: {x: 1, y: 1}
  m_BounceIntensity: 1
  m_ColorTemperature: 6570
  m_UseColorTemperature: 0
  m_BoundingSphereOverride: {x: 0, y: 0, z: 0, w: 0}
  m_UseBoundingSphereOverride: 0
  m_ShadowRadius: 0
  m_ShadowAngle: 0
--- !u!114 &1310820713
MonoBehaviour:
  m_ObjectHideFlags: 0
  m_CorrespondingSourceObject: {fileID: 0}
  m_PrefabInstance: {fileID: 0}
  m_PrefabAsset: {fileID: 0}
  m_GameObject: {fileID: 1310820710}
  m_Enabled: 1
  m_EditorHideFlags: 0
  m_Script: {fileID: 11500000, guid: 7b69c542c9a8f4f44a3123e3fa103d13, type: 3}
  m_Name: 
  m_EditorClassIdentifier: 
  colorFromLight: 1
  colorMode: 0
  color: {r: 1, g: 1, b: 1, a: 1}
  colorGradient:
    serializedVersion: 2
    key0: {r: 1, g: 1, b: 1, a: 1}
    key1: {r: 1, g: 1, b: 1, a: 1}
    key2: {r: 0, g: 0, b: 0, a: 0}
    key3: {r: 0, g: 0, b: 0, a: 0}
    key4: {r: 0, g: 0, b: 0, a: 0}
    key5: {r: 0, g: 0, b: 0, a: 0}
    key6: {r: 0, g: 0, b: 0, a: 0}
    key7: {r: 0, g: 0, b: 0, a: 0}
    ctime0: 0
    ctime1: 65535
    ctime2: 0
    ctime3: 0
    ctime4: 0
    ctime5: 0
    ctime6: 0
    ctime7: 0
    atime0: 0
    atime1: 65535
    atime2: 0
    atime3: 0
    atime4: 0
    atime5: 0
    atime6: 0
    atime7: 0
    m_Mode: 0
    m_NumColorKeys: 2
    m_NumAlphaKeys: 2
  intensityFromLight: 0
  intensityModeAdvanced: 0
  intensityInside: 0.2
  intensityOutside: 0.2
  blendingMode: 0
  spotAngleFromLight: 0
  spotAngle: 60.2
  coneRadiusStart: 0.1
  geomMeshType: 0
  geomCustomSides: 18
  geomCustomSegments: 5
  geomCap: 0
  fallOffEndFromLight: 1
  attenuationEquation: 1
  attenuationCustomBlending: 0.5
  fallOffStart: 0
  fallOffEnd: 15.55
  depthBlendDistance: 2
  cameraClippingDistance: 0.5
  glareFrontal: 0.5
  glareBehind: 0.5
  fresnelPow: 2.1100001
  noiseMode: 0
  _DEPRECATED_NoiseEnabled: 0
  noiseIntensity: 0.5
  noiseScaleUseGlobal: 1
  noiseScaleLocal: 0.5
  noiseVelocityUseGlobal: 1
  noiseVelocityLocal: {x: 0.07, y: 0.18, z: 0.05}
  pluginVersion: 1820
  _TrackChangesDuringPlaytime: 0
  _SortingLayerID: 0
  _SortingOrder: 0
  _FadeOutBegin: -150
  _FadeOutEnd: -200
--- !u!114 &1310820712
MonoBehaviour:
  m_ObjectHideFlags: 0
  m_CorrespondingSourceObject: {fileID: 0}
  m_PrefabInstance: {fileID: 0}
  m_PrefabAsset: {fileID: 0}
  m_GameObject: {fileID: 1310820710}
  m_Enabled: 1
  m_EditorHideFlags: 0
  m_Script: {fileID: 11500000, guid: 474bcb49853aa07438625e644c072ee6, type: 3}
  m_Name: 
  m_EditorClassIdentifier: 
  m_UsePipelineSettings: 1
--- !u!1 &1730705235
GameObject:
  m_ObjectHideFlags: 0
  m_CorrespondingSourceObject: {fileID: 0}
  m_PrefabInstance: {fileID: 0}
  m_PrefabAsset: {fileID: 0}
  serializedVersion: 6
  m_Component:
  - component: {fileID: 1730705236}
  - component: {fileID: 1730705239}
  - component: {fileID: 1730705238}
  - component: {fileID: 1730705237}
  m_Layer: 0
  m_Name: Spotlight and Beam RIG2
  m_TagString: Untagged
  m_Icon: {fileID: 0}
  m_NavMeshLayer: 0
  m_StaticEditorFlags: 0
  m_IsActive: 1
--- !u!4 &1730705236
Transform:
  m_ObjectHideFlags: 0
  m_CorrespondingSourceObject: {fileID: 0}
  m_PrefabInstance: {fileID: 0}
  m_PrefabAsset: {fileID: 0}
  m_GameObject: {fileID: 1730705235}
  m_LocalRotation: {x: -0.27059805, y: 0.6532815, z: -0.6532815, w: -0.27059805}
  m_LocalPosition: {x: 0, y: 0, z: 0}
  m_LocalScale: {x: 0.10000003, y: 0.1, z: 0.25000006}
  m_Children: []
  m_Father: {fileID: 3300033563516409419}
  m_RootOrder: 0
  m_LocalEulerAnglesHint: {x: 90, y: 180, z: -45}
--- !u!108 &1730705239
Light:
  m_ObjectHideFlags: 0
  m_CorrespondingSourceObject: {fileID: 0}
  m_PrefabInstance: {fileID: 0}
  m_PrefabAsset: {fileID: 0}
  m_GameObject: {fileID: 1730705235}
  m_Enabled: 1
  serializedVersion: 10
  m_Type: 0
  m_Shape: 0
  m_Color: {r: 1, g: 1, b: 1, a: 1}
  m_Intensity: 200
  m_Range: 15.55
  m_SpotAngle: 38.437096
  m_InnerSpotAngle: 18.43708
  m_CookieSize: 10
  m_Shadows:
    m_Type: 2
    m_Resolution: -1
    m_CustomResolution: -1
    m_Strength: 1
    m_Bias: 0.05
    m_NormalBias: 0.4
    m_NearPlane: 0.2
    m_CullingMatrixOverride:
      e00: 1
      e01: 0
      e02: 0
      e03: 0
      e10: 0
      e11: 1
      e12: 0
      e13: 0
      e20: 0
      e21: 0
      e22: 1
      e23: 0
      e30: 0
      e31: 0
      e32: 0
      e33: 1
    m_UseCullingMatrixOverride: 0
  m_Cookie: {fileID: 0}
  m_DrawHalo: 0
  m_Flare: {fileID: 0}
  m_RenderMode: 0
  m_CullingMask:
    serializedVersion: 2
    m_Bits: 55
  m_RenderingLayerMask: 1
  m_Lightmapping: 4
  m_LightShadowCasterMode: 0
  m_AreaSize: {x: 1, y: 1}
  m_BounceIntensity: 1
  m_ColorTemperature: 6570
  m_UseColorTemperature: 0
  m_BoundingSphereOverride: {x: 0, y: 0, z: 0, w: 0}
  m_UseBoundingSphereOverride: 0
  m_ShadowRadius: 0
  m_ShadowAngle: 0
--- !u!114 &1730705238
MonoBehaviour:
  m_ObjectHideFlags: 0
  m_CorrespondingSourceObject: {fileID: 0}
  m_PrefabInstance: {fileID: 0}
  m_PrefabAsset: {fileID: 0}
  m_GameObject: {fileID: 1730705235}
  m_Enabled: 1
  m_EditorHideFlags: 0
  m_Script: {fileID: 11500000, guid: 7b69c542c9a8f4f44a3123e3fa103d13, type: 3}
  m_Name: 
  m_EditorClassIdentifier: 
  colorFromLight: 1
  colorMode: 0
  color: {r: 1, g: 1, b: 1, a: 1}
  colorGradient:
    serializedVersion: 2
    key0: {r: 1, g: 1, b: 1, a: 1}
    key1: {r: 1, g: 1, b: 1, a: 1}
    key2: {r: 0, g: 0, b: 0, a: 0}
    key3: {r: 0, g: 0, b: 0, a: 0}
    key4: {r: 0, g: 0, b: 0, a: 0}
    key5: {r: 0, g: 0, b: 0, a: 0}
    key6: {r: 0, g: 0, b: 0, a: 0}
    key7: {r: 0, g: 0, b: 0, a: 0}
    ctime0: 0
    ctime1: 65535
    ctime2: 0
    ctime3: 0
    ctime4: 0
    ctime5: 0
    ctime6: 0
    ctime7: 0
    atime0: 0
    atime1: 65535
    atime2: 0
    atime3: 0
    atime4: 0
    atime5: 0
    atime6: 0
    atime7: 0
    m_Mode: 0
    m_NumColorKeys: 2
    m_NumAlphaKeys: 2
  intensityFromLight: 0
  intensityModeAdvanced: 0
  intensityInside: 0.2
  intensityOutside: 0.2
  blendingMode: 0
  spotAngleFromLight: 0
  spotAngle: 60.2
  coneRadiusStart: 0.1
  geomMeshType: 0
  geomCustomSides: 18
  geomCustomSegments: 5
  geomCap: 0
  fallOffEndFromLight: 1
  attenuationEquation: 1
  attenuationCustomBlending: 0.5
  fallOffStart: 0
  fallOffEnd: 15.55
  depthBlendDistance: 2
  cameraClippingDistance: 0.5
  glareFrontal: 0.5
  glareBehind: 0.5
  fresnelPow: 2.1100001
  noiseMode: 0
  _DEPRECATED_NoiseEnabled: 0
  noiseIntensity: 0.5
  noiseScaleUseGlobal: 1
  noiseScaleLocal: 0.5
  noiseVelocityUseGlobal: 1
  noiseVelocityLocal: {x: 0.07, y: 0.18, z: 0.05}
  pluginVersion: 1820
  _TrackChangesDuringPlaytime: 0
  _SortingLayerID: 0
  _SortingOrder: 0
  _FadeOutBegin: -150
  _FadeOutEnd: -200
--- !u!114 &1730705237
MonoBehaviour:
  m_ObjectHideFlags: 0
  m_CorrespondingSourceObject: {fileID: 0}
  m_PrefabInstance: {fileID: 0}
  m_PrefabAsset: {fileID: 0}
  m_GameObject: {fileID: 1730705235}
  m_Enabled: 1
  m_EditorHideFlags: 0
  m_Script: {fileID: 11500000, guid: 474bcb49853aa07438625e644c072ee6, type: 3}
  m_Name: 
  m_EditorClassIdentifier: 
  m_UsePipelineSettings: 1
--- !u!95 &954904176
Animator:
  serializedVersion: 3
  m_ObjectHideFlags: 0
  m_CorrespondingSourceObject: {fileID: 0}
  m_PrefabInstance: {fileID: 0}
  m_PrefabAsset: {fileID: 0}
  m_GameObject: {fileID: 6661864636065824372}
  m_Enabled: 1
  m_Avatar: {fileID: 0}
  m_Controller: {fileID: 9100000, guid: b2ae631f60b030144b62dfcbaeb2baa1, type: 2}
  m_CullingMode: 0
  m_UpdateMode: 0
  m_ApplyRootMotion: 0
  m_LinearVelocityBlending: 0
  m_WarningMessage: 
  m_HasTransformHierarchy: 1
  m_AllowConstantClipSamplingOptimization: 1
  m_KeepAnimatorControllerStateOnDisable: 0
--- !u!1001 &5814951165845930789
PrefabInstance:
  m_ObjectHideFlags: 0
  serializedVersion: 2
  m_Modification:
    m_TransformParent: {fileID: 0}
    m_Modifications:
    - target: {fileID: -9158710500481745759, guid: 193a5cffb2d823f49a4638b84500b1b5,
        type: 3}
      propertyPath: m_Enabled
      value: 0
      objectReference: {fileID: 0}
    - target: {fileID: -9038852981685212183, guid: 193a5cffb2d823f49a4638b84500b1b5,
        type: 3}
      propertyPath: m_Materials.Array.data[0]
      value: 
      objectReference: {fileID: 2100000, guid: 42d2b51fab7975e4aa56a7a56cad6cd6, type: 2}
    - target: {fileID: -8813716850940307441, guid: 193a5cffb2d823f49a4638b84500b1b5,
        type: 3}
      propertyPath: m_Materials.Array.data[0]
      value: 
      objectReference: {fileID: 2100000, guid: ed2d8695952002d4b8cb17f20919ee38, type: 2}
    - target: {fileID: -8801636324579383279, guid: 193a5cffb2d823f49a4638b84500b1b5,
        type: 3}
      propertyPath: m_Materials.Array.data[0]
      value: 
      objectReference: {fileID: 2100000, guid: 42d2b51fab7975e4aa56a7a56cad6cd6, type: 2}
    - target: {fileID: -8679921383154817045, guid: 193a5cffb2d823f49a4638b84500b1b5,
        type: 3}
      propertyPath: m_LocalPosition.x
      value: 0
      objectReference: {fileID: 0}
    - target: {fileID: -8679921383154817045, guid: 193a5cffb2d823f49a4638b84500b1b5,
        type: 3}
      propertyPath: m_LocalPosition.y
      value: 0
      objectReference: {fileID: 0}
    - target: {fileID: -8679921383154817045, guid: 193a5cffb2d823f49a4638b84500b1b5,
        type: 3}
      propertyPath: m_LocalPosition.z
      value: 0
      objectReference: {fileID: 0}
    - target: {fileID: -8679921383154817045, guid: 193a5cffb2d823f49a4638b84500b1b5,
        type: 3}
      propertyPath: m_LocalRotation.x
      value: -0
      objectReference: {fileID: 0}
    - target: {fileID: -8679921383154817045, guid: 193a5cffb2d823f49a4638b84500b1b5,
        type: 3}
      propertyPath: m_LocalRotation.y
      value: -0
      objectReference: {fileID: 0}
    - target: {fileID: -8679921383154817045, guid: 193a5cffb2d823f49a4638b84500b1b5,
        type: 3}
      propertyPath: m_LocalRotation.z
      value: -0
      objectReference: {fileID: 0}
    - target: {fileID: -8679921383154817045, guid: 193a5cffb2d823f49a4638b84500b1b5,
        type: 3}
      propertyPath: m_LocalRotation.w
      value: 1
      objectReference: {fileID: 0}
    - target: {fileID: -8679921383154817045, guid: 193a5cffb2d823f49a4638b84500b1b5,
        type: 3}
      propertyPath: m_RootOrder
      value: 0
      objectReference: {fileID: 0}
    - target: {fileID: -8679921383154817045, guid: 193a5cffb2d823f49a4638b84500b1b5,
        type: 3}
      propertyPath: m_LocalEulerAnglesHint.x
      value: 0
      objectReference: {fileID: 0}
    - target: {fileID: -8679921383154817045, guid: 193a5cffb2d823f49a4638b84500b1b5,
        type: 3}
      propertyPath: m_LocalEulerAnglesHint.y
      value: 0
      objectReference: {fileID: 0}
    - target: {fileID: -8679921383154817045, guid: 193a5cffb2d823f49a4638b84500b1b5,
        type: 3}
      propertyPath: m_LocalEulerAnglesHint.z
      value: 0
      objectReference: {fileID: 0}
    - target: {fileID: -8679921383154817045, guid: 193a5cffb2d823f49a4638b84500b1b5,
        type: 3}
      propertyPath: m_LocalScale.x
      value: 15
      objectReference: {fileID: 0}
    - target: {fileID: -8679921383154817045, guid: 193a5cffb2d823f49a4638b84500b1b5,
        type: 3}
      propertyPath: m_LocalScale.y
      value: 15
      objectReference: {fileID: 0}
    - target: {fileID: -8679921383154817045, guid: 193a5cffb2d823f49a4638b84500b1b5,
        type: 3}
      propertyPath: m_LocalScale.z
      value: 15
      objectReference: {fileID: 0}
    - target: {fileID: -8403628431603326155, guid: 193a5cffb2d823f49a4638b84500b1b5,
        type: 3}
      propertyPath: m_Materials.Array.data[0]
      value: 
      objectReference: {fileID: 2100000, guid: ed2d8695952002d4b8cb17f20919ee38, type: 2}
    - target: {fileID: -8398695817399643331, guid: 193a5cffb2d823f49a4638b84500b1b5,
        type: 3}
      propertyPath: m_Materials.Array.data[0]
      value: 
      objectReference: {fileID: 2100000, guid: 42d2b51fab7975e4aa56a7a56cad6cd6, type: 2}
    - target: {fileID: -8342751535120333198, guid: 193a5cffb2d823f49a4638b84500b1b5,
        type: 3}
      propertyPath: m_Materials.Array.data[0]
      value: 
      objectReference: {fileID: 2100000, guid: 42d2b51fab7975e4aa56a7a56cad6cd6, type: 2}
    - target: {fileID: -8191621614145929311, guid: 193a5cffb2d823f49a4638b84500b1b5,
        type: 3}
      propertyPath: m_Materials.Array.data[0]
      value: 
      objectReference: {fileID: 2100000, guid: ed2d8695952002d4b8cb17f20919ee38, type: 2}
    - target: {fileID: -7994159853871628828, guid: 193a5cffb2d823f49a4638b84500b1b5,
        type: 3}
      propertyPath: m_Materials.Array.data[0]
      value: 
      objectReference: {fileID: 2100000, guid: 42d2b51fab7975e4aa56a7a56cad6cd6, type: 2}
    - target: {fileID: -7960102460719447887, guid: 193a5cffb2d823f49a4638b84500b1b5,
        type: 3}
      propertyPath: m_Materials.Array.data[0]
      value: 
      objectReference: {fileID: 2100000, guid: 42d2b51fab7975e4aa56a7a56cad6cd6, type: 2}
    - target: {fileID: -7697918295069570361, guid: 193a5cffb2d823f49a4638b84500b1b5,
        type: 3}
      propertyPath: m_Materials.Array.data[0]
      value: 
      objectReference: {fileID: 2100000, guid: ed2d8695952002d4b8cb17f20919ee38, type: 2}
    - target: {fileID: -7600195678477514072, guid: 193a5cffb2d823f49a4638b84500b1b5,
        type: 3}
      propertyPath: m_Materials.Array.data[0]
      value: 
      objectReference: {fileID: 2100000, guid: ed2d8695952002d4b8cb17f20919ee38, type: 2}
    - target: {fileID: -7121857043124842937, guid: 193a5cffb2d823f49a4638b84500b1b5,
        type: 3}
      propertyPath: m_Materials.Array.data[0]
      value: 
      objectReference: {fileID: 2100000, guid: 42d2b51fab7975e4aa56a7a56cad6cd6, type: 2}
    - target: {fileID: -6990270095562719963, guid: 193a5cffb2d823f49a4638b84500b1b5,
        type: 3}
      propertyPath: m_Materials.Array.data[0]
      value: 
      objectReference: {fileID: 2100000, guid: 42d2b51fab7975e4aa56a7a56cad6cd6, type: 2}
    - target: {fileID: -6770870900181715937, guid: 193a5cffb2d823f49a4638b84500b1b5,
        type: 3}
      propertyPath: m_Materials.Array.data[0]
      value: 
      objectReference: {fileID: 2100000, guid: ed2d8695952002d4b8cb17f20919ee38, type: 2}
    - target: {fileID: -6231830046787770574, guid: 193a5cffb2d823f49a4638b84500b1b5,
        type: 3}
      propertyPath: m_Materials.Array.data[0]
      value: 
      objectReference: {fileID: 2100000, guid: 42d2b51fab7975e4aa56a7a56cad6cd6, type: 2}
    - target: {fileID: -6197571250108636736, guid: 193a5cffb2d823f49a4638b84500b1b5,
        type: 3}
      propertyPath: m_Enabled
      value: 0
      objectReference: {fileID: 0}
    - target: {fileID: -5627666337570295673, guid: 193a5cffb2d823f49a4638b84500b1b5,
        type: 3}
      propertyPath: m_Materials.Array.data[0]
      value: 
      objectReference: {fileID: 2100000, guid: ed2d8695952002d4b8cb17f20919ee38, type: 2}
    - target: {fileID: -5452012839433208460, guid: 193a5cffb2d823f49a4638b84500b1b5,
        type: 3}
      propertyPath: m_Materials.Array.data[0]
      value: 
      objectReference: {fileID: 2100000, guid: ed2d8695952002d4b8cb17f20919ee38, type: 2}
    - target: {fileID: -5343313851203830964, guid: 193a5cffb2d823f49a4638b84500b1b5,
        type: 3}
      propertyPath: m_Materials.Array.data[0]
      value: 
      objectReference: {fileID: 2100000, guid: ed2d8695952002d4b8cb17f20919ee38, type: 2}
    - target: {fileID: -4678442304301005170, guid: 193a5cffb2d823f49a4638b84500b1b5,
        type: 3}
      propertyPath: m_Materials.Array.data[0]
      value: 
      objectReference: {fileID: -6832575351021087148, guid: 019d468401a95e3409a5ac7a1af6c0b4,
        type: 3}
    - target: {fileID: -4678442304301005170, guid: 193a5cffb2d823f49a4638b84500b1b5,
        type: 3}
      propertyPath: m_Enabled
      value: 0
      objectReference: {fileID: 0}
    - target: {fileID: -4284030101347408618, guid: 193a5cffb2d823f49a4638b84500b1b5,
        type: 3}
      propertyPath: m_Materials.Array.data[0]
      value: 
      objectReference: {fileID: 2100000, guid: ed2d8695952002d4b8cb17f20919ee38, type: 2}
    - target: {fileID: -4154004191815048160, guid: 193a5cffb2d823f49a4638b84500b1b5,
        type: 3}
      propertyPath: m_Materials.Array.data[0]
      value: 
      objectReference: {fileID: 2100000, guid: ed2d8695952002d4b8cb17f20919ee38, type: 2}
    - target: {fileID: -3674356409297977808, guid: 193a5cffb2d823f49a4638b84500b1b5,
        type: 3}
      propertyPath: m_Materials.Array.data[0]
      value: 
      objectReference: {fileID: 2100000, guid: ed2d8695952002d4b8cb17f20919ee38, type: 2}
    - target: {fileID: -3318338331666386965, guid: 193a5cffb2d823f49a4638b84500b1b5,
        type: 3}
      propertyPath: m_Materials.Array.data[0]
      value: 
      objectReference: {fileID: 2100000, guid: ed2d8695952002d4b8cb17f20919ee38, type: 2}
    - target: {fileID: -3296540848785403954, guid: 193a5cffb2d823f49a4638b84500b1b5,
        type: 3}
      propertyPath: m_Materials.Array.data[0]
      value: 
      objectReference: {fileID: 2100000, guid: ed2d8695952002d4b8cb17f20919ee38, type: 2}
    - target: {fileID: -3217694561829426838, guid: 193a5cffb2d823f49a4638b84500b1b5,
        type: 3}
      propertyPath: m_Materials.Array.data[0]
      value: 
      objectReference: {fileID: 2100000, guid: 42d2b51fab7975e4aa56a7a56cad6cd6, type: 2}
    - target: {fileID: -2940413857748405002, guid: 193a5cffb2d823f49a4638b84500b1b5,
        type: 3}
      propertyPath: m_Materials.Array.data[0]
      value: 
      objectReference: {fileID: 2100000, guid: 42d2b51fab7975e4aa56a7a56cad6cd6, type: 2}
    - target: {fileID: -2634219145183827427, guid: 193a5cffb2d823f49a4638b84500b1b5,
        type: 3}
      propertyPath: m_Materials.Array.data[0]
      value: 
      objectReference: {fileID: 2100000, guid: ed2d8695952002d4b8cb17f20919ee38, type: 2}
    - target: {fileID: -2595895378384061550, guid: 193a5cffb2d823f49a4638b84500b1b5,
        type: 3}
      propertyPath: m_Materials.Array.data[0]
      value: 
      objectReference: {fileID: 2100000, guid: ed2d8695952002d4b8cb17f20919ee38, type: 2}
    - target: {fileID: -2266474038770607137, guid: 193a5cffb2d823f49a4638b84500b1b5,
        type: 3}
      propertyPath: m_Materials.Array.data[0]
      value: 
      objectReference: {fileID: 2100000, guid: ed2d8695952002d4b8cb17f20919ee38, type: 2}
    - target: {fileID: -2168330341781796628, guid: 193a5cffb2d823f49a4638b84500b1b5,
        type: 3}
      propertyPath: m_Materials.Array.data[0]
      value: 
      objectReference: {fileID: 2100000, guid: 42d2b51fab7975e4aa56a7a56cad6cd6, type: 2}
    - target: {fileID: -1812810164469836203, guid: 193a5cffb2d823f49a4638b84500b1b5,
        type: 3}
      propertyPath: m_Materials.Array.data[0]
      value: 
      objectReference: {fileID: 2100000, guid: 42d2b51fab7975e4aa56a7a56cad6cd6, type: 2}
    - target: {fileID: -1692063438641183214, guid: 193a5cffb2d823f49a4638b84500b1b5,
        type: 3}
      propertyPath: m_Materials.Array.data[0]
      value: 
      objectReference: {fileID: 2100000, guid: 42d2b51fab7975e4aa56a7a56cad6cd6, type: 2}
    - target: {fileID: -1523891414008588026, guid: 193a5cffb2d823f49a4638b84500b1b5,
        type: 3}
      propertyPath: m_Materials.Array.data[0]
      value: 
      objectReference: {fileID: 2100000, guid: 42d2b51fab7975e4aa56a7a56cad6cd6, type: 2}
    - target: {fileID: -1321605582127905644, guid: 193a5cffb2d823f49a4638b84500b1b5,
        type: 3}
      propertyPath: m_Materials.Array.data[0]
      value: 
      objectReference: {fileID: 2100000, guid: ed2d8695952002d4b8cb17f20919ee38, type: 2}
    - target: {fileID: -1237954908997918915, guid: 193a5cffb2d823f49a4638b84500b1b5,
        type: 3}
      propertyPath: m_Materials.Array.data[0]
      value: 
      objectReference: {fileID: 2100000, guid: 42d2b51fab7975e4aa56a7a56cad6cd6, type: 2}
    - target: {fileID: -982968873590419033, guid: 193a5cffb2d823f49a4638b84500b1b5,
        type: 3}
      propertyPath: m_Materials.Array.data[0]
      value: 
      objectReference: {fileID: 2100000, guid: ed2d8695952002d4b8cb17f20919ee38, type: 2}
    - target: {fileID: -979619466983575520, guid: 193a5cffb2d823f49a4638b84500b1b5,
        type: 3}
      propertyPath: m_Materials.Array.data[0]
      value: 
      objectReference: {fileID: 2100000, guid: 42d2b51fab7975e4aa56a7a56cad6cd6, type: 2}
    - target: {fileID: -865363240500980711, guid: 193a5cffb2d823f49a4638b84500b1b5,
        type: 3}
      propertyPath: m_Materials.Array.data[0]
      value: 
      objectReference: {fileID: 2100000, guid: ed2d8695952002d4b8cb17f20919ee38, type: 2}
    - target: {fileID: -860458771064296902, guid: 193a5cffb2d823f49a4638b84500b1b5,
        type: 3}
      propertyPath: m_Enabled
      value: 0
      objectReference: {fileID: 0}
    - target: {fileID: -598489247104686238, guid: 193a5cffb2d823f49a4638b84500b1b5,
        type: 3}
      propertyPath: m_Materials.Array.data[0]
      value: 
      objectReference: {fileID: 2100000, guid: 42d2b51fab7975e4aa56a7a56cad6cd6, type: 2}
    - target: {fileID: -472493438223713012, guid: 193a5cffb2d823f49a4638b84500b1b5,
        type: 3}
      propertyPath: m_Materials.Array.data[0]
      value: 
      objectReference: {fileID: 2100000, guid: 42d2b51fab7975e4aa56a7a56cad6cd6, type: 2}
    - target: {fileID: -188690562173332203, guid: 193a5cffb2d823f49a4638b84500b1b5,
        type: 3}
      propertyPath: m_Materials.Array.data[0]
      value: 
      objectReference: {fileID: 2100000, guid: 42d2b51fab7975e4aa56a7a56cad6cd6, type: 2}
    - target: {fileID: 335786416822495536, guid: 193a5cffb2d823f49a4638b84500b1b5,
        type: 3}
      propertyPath: m_Materials.Array.data[0]
      value: 
      objectReference: {fileID: 2100000, guid: 42d2b51fab7975e4aa56a7a56cad6cd6, type: 2}
    - target: {fileID: 485503208655357067, guid: 193a5cffb2d823f49a4638b84500b1b5,
        type: 3}
      propertyPath: m_Materials.Array.data[0]
      value: 
      objectReference: {fileID: 2100000, guid: 42d2b51fab7975e4aa56a7a56cad6cd6, type: 2}
    - target: {fileID: 500519944699377836, guid: 193a5cffb2d823f49a4638b84500b1b5,
        type: 3}
      propertyPath: m_Materials.Array.data[0]
      value: 
      objectReference: {fileID: 2100000, guid: 42d2b51fab7975e4aa56a7a56cad6cd6, type: 2}
    - target: {fileID: 519708208899981036, guid: 193a5cffb2d823f49a4638b84500b1b5,
        type: 3}
      propertyPath: m_Materials.Array.data[0]
      value: 
      objectReference: {fileID: 2100000, guid: ed2d8695952002d4b8cb17f20919ee38, type: 2}
    - target: {fileID: 919132149155446097, guid: 193a5cffb2d823f49a4638b84500b1b5,
        type: 3}
      propertyPath: m_Name
      value: lights_previz_v2
      objectReference: {fileID: 0}
    - target: {fileID: 919132149155446097, guid: 193a5cffb2d823f49a4638b84500b1b5,
        type: 3}
      propertyPath: m_IsActive
      value: 1
      objectReference: {fileID: 0}
    - target: {fileID: 1114428825962724008, guid: 193a5cffb2d823f49a4638b84500b1b5,
        type: 3}
      propertyPath: m_Materials.Array.data[0]
      value: 
      objectReference: {fileID: 2100000, guid: 42d2b51fab7975e4aa56a7a56cad6cd6, type: 2}
    - target: {fileID: 1289303400929553228, guid: 193a5cffb2d823f49a4638b84500b1b5,
        type: 3}
      propertyPath: m_Enabled
      value: 0
      objectReference: {fileID: 0}
    - target: {fileID: 1316244123432972331, guid: 193a5cffb2d823f49a4638b84500b1b5,
        type: 3}
      propertyPath: m_Materials.Array.data[0]
      value: 
      objectReference: {fileID: 2100000, guid: ed2d8695952002d4b8cb17f20919ee38, type: 2}
    - target: {fileID: 1333018200317958136, guid: 193a5cffb2d823f49a4638b84500b1b5,
        type: 3}
      propertyPath: m_Materials.Array.data[0]
      value: 
      objectReference: {fileID: 2100000, guid: ed2d8695952002d4b8cb17f20919ee38, type: 2}
    - target: {fileID: 1982790917535560415, guid: 193a5cffb2d823f49a4638b84500b1b5,
        type: 3}
      propertyPath: m_Materials.Array.data[0]
      value: 
      objectReference: {fileID: 2100000, guid: ed2d8695952002d4b8cb17f20919ee38, type: 2}
    - target: {fileID: 2209668449438689437, guid: 193a5cffb2d823f49a4638b84500b1b5,
        type: 3}
      propertyPath: m_Materials.Array.data[0]
      value: 
      objectReference: {fileID: 2100000, guid: 42d2b51fab7975e4aa56a7a56cad6cd6, type: 2}
    - target: {fileID: 2305068831450560377, guid: 193a5cffb2d823f49a4638b84500b1b5,
        type: 3}
      propertyPath: m_Materials.Array.data[0]
      value: 
      objectReference: {fileID: 2100000, guid: 42d2b51fab7975e4aa56a7a56cad6cd6, type: 2}
    - target: {fileID: 2402037686954893461, guid: 193a5cffb2d823f49a4638b84500b1b5,
        type: 3}
      propertyPath: m_Materials.Array.data[0]
      value: 
      objectReference: {fileID: 2100000, guid: ed2d8695952002d4b8cb17f20919ee38, type: 2}
    - target: {fileID: 2696013140043193683, guid: 193a5cffb2d823f49a4638b84500b1b5,
        type: 3}
      propertyPath: m_Materials.Array.data[0]
      value: 
      objectReference: {fileID: 2100000, guid: ed2d8695952002d4b8cb17f20919ee38, type: 2}
    - target: {fileID: 2912881998267142007, guid: 193a5cffb2d823f49a4638b84500b1b5,
        type: 3}
      propertyPath: m_Materials.Array.data[0]
      value: 
      objectReference: {fileID: 2100000, guid: ed2d8695952002d4b8cb17f20919ee38, type: 2}
    - target: {fileID: 3002415603966220099, guid: 193a5cffb2d823f49a4638b84500b1b5,
        type: 3}
      propertyPath: m_Materials.Array.data[0]
      value: 
      objectReference: {fileID: 2100000, guid: ed2d8695952002d4b8cb17f20919ee38, type: 2}
    - target: {fileID: 3046807583893790225, guid: 193a5cffb2d823f49a4638b84500b1b5,
        type: 3}
      propertyPath: m_Materials.Array.data[0]
      value: 
      objectReference: {fileID: 2100000, guid: ed2d8695952002d4b8cb17f20919ee38, type: 2}
    - target: {fileID: 3355219017711623827, guid: 193a5cffb2d823f49a4638b84500b1b5,
        type: 3}
      propertyPath: m_Materials.Array.data[0]
      value: 
      objectReference: {fileID: 2100000, guid: 42d2b51fab7975e4aa56a7a56cad6cd6, type: 2}
    - target: {fileID: 3528642386355845458, guid: 193a5cffb2d823f49a4638b84500b1b5,
        type: 3}
      propertyPath: m_Materials.Array.data[0]
      value: 
      objectReference: {fileID: 2100000, guid: 42d2b51fab7975e4aa56a7a56cad6cd6, type: 2}
    - target: {fileID: 3717128101017112398, guid: 193a5cffb2d823f49a4638b84500b1b5,
        type: 3}
      propertyPath: m_Materials.Array.data[0]
      value: 
      objectReference: {fileID: 2100000, guid: ed2d8695952002d4b8cb17f20919ee38, type: 2}
    - target: {fileID: 4233141101297235189, guid: 193a5cffb2d823f49a4638b84500b1b5,
        type: 3}
      propertyPath: m_Materials.Array.data[0]
      value: 
      objectReference: {fileID: 2100000, guid: ed2d8695952002d4b8cb17f20919ee38, type: 2}
    - target: {fileID: 4346313703860700954, guid: 193a5cffb2d823f49a4638b84500b1b5,
        type: 3}
      propertyPath: m_Materials.Array.data[0]
      value: 
      objectReference: {fileID: 2100000, guid: ed2d8695952002d4b8cb17f20919ee38, type: 2}
    - target: {fileID: 4734331038095392425, guid: 193a5cffb2d823f49a4638b84500b1b5,
        type: 3}
      propertyPath: m_Materials.Array.data[0]
      value: 
      objectReference: {fileID: 2100000, guid: ed2d8695952002d4b8cb17f20919ee38, type: 2}
    - target: {fileID: 4741280553848354309, guid: 193a5cffb2d823f49a4638b84500b1b5,
        type: 3}
      propertyPath: m_Materials.Array.data[0]
      value: 
      objectReference: {fileID: 2100000, guid: ed2d8695952002d4b8cb17f20919ee38, type: 2}
    - target: {fileID: 4968023278778479108, guid: 193a5cffb2d823f49a4638b84500b1b5,
        type: 3}
      propertyPath: m_Materials.Array.data[0]
      value: 
      objectReference: {fileID: 2100000, guid: 42d2b51fab7975e4aa56a7a56cad6cd6, type: 2}
    - target: {fileID: 5383891469680359755, guid: 193a5cffb2d823f49a4638b84500b1b5,
        type: 3}
      propertyPath: m_Materials.Array.data[0]
      value: 
      objectReference: {fileID: 2100000, guid: ed2d8695952002d4b8cb17f20919ee38, type: 2}
    - target: {fileID: 5451021659180651835, guid: 193a5cffb2d823f49a4638b84500b1b5,
        type: 3}
      propertyPath: m_Materials.Array.data[0]
      value: 
      objectReference: {fileID: 2100000, guid: ed2d8695952002d4b8cb17f20919ee38, type: 2}
    - target: {fileID: 5907686955705675517, guid: 193a5cffb2d823f49a4638b84500b1b5,
        type: 3}
      propertyPath: m_Materials.Array.data[0]
      value: 
      objectReference: {fileID: 2100000, guid: ed2d8695952002d4b8cb17f20919ee38, type: 2}
    - target: {fileID: 5926886068327263851, guid: 193a5cffb2d823f49a4638b84500b1b5,
        type: 3}
      propertyPath: m_Materials.Array.data[0]
      value: 
      objectReference: {fileID: 2100000, guid: ed2d8695952002d4b8cb17f20919ee38, type: 2}
    - target: {fileID: 6066480200413940997, guid: 193a5cffb2d823f49a4638b84500b1b5,
        type: 3}
      propertyPath: m_Materials.Array.data[0]
      value: 
      objectReference: {fileID: 2100000, guid: ed2d8695952002d4b8cb17f20919ee38, type: 2}
    - target: {fileID: 6472866878866740341, guid: 193a5cffb2d823f49a4638b84500b1b5,
        type: 3}
      propertyPath: m_Materials.Array.data[0]
      value: 
      objectReference: {fileID: 2100000, guid: ed2d8695952002d4b8cb17f20919ee38, type: 2}
    - target: {fileID: 6580208060325919820, guid: 193a5cffb2d823f49a4638b84500b1b5,
        type: 3}
      propertyPath: m_Materials.Array.data[0]
      value: 
      objectReference: {fileID: 2100000, guid: 42d2b51fab7975e4aa56a7a56cad6cd6, type: 2}
    - target: {fileID: 6584345760978879787, guid: 193a5cffb2d823f49a4638b84500b1b5,
        type: 3}
      propertyPath: m_Materials.Array.data[0]
      value: 
      objectReference: {fileID: 2100000, guid: ed2d8695952002d4b8cb17f20919ee38, type: 2}
    - target: {fileID: 6585476443864027744, guid: 193a5cffb2d823f49a4638b84500b1b5,
        type: 3}
      propertyPath: m_Materials.Array.data[0]
      value: 
      objectReference: {fileID: 2100000, guid: 42d2b51fab7975e4aa56a7a56cad6cd6, type: 2}
    - target: {fileID: 6920347045976637569, guid: 193a5cffb2d823f49a4638b84500b1b5,
        type: 3}
      propertyPath: m_Materials.Array.data[0]
      value: 
      objectReference: {fileID: 2100000, guid: 42d2b51fab7975e4aa56a7a56cad6cd6, type: 2}
    - target: {fileID: 7292149302510679277, guid: 193a5cffb2d823f49a4638b84500b1b5,
        type: 3}
      propertyPath: m_Materials.Array.data[0]
      value: 
      objectReference: {fileID: 2100000, guid: ed2d8695952002d4b8cb17f20919ee38, type: 2}
    - target: {fileID: 7306625870831328642, guid: 193a5cffb2d823f49a4638b84500b1b5,
        type: 3}
      propertyPath: m_Materials.Array.data[0]
      value: 
      objectReference: {fileID: 2100000, guid: 42d2b51fab7975e4aa56a7a56cad6cd6, type: 2}
    - target: {fileID: 7311282134337895796, guid: 193a5cffb2d823f49a4638b84500b1b5,
        type: 3}
      propertyPath: m_Materials.Array.data[0]
      value: 
      objectReference: {fileID: 2100000, guid: ed2d8695952002d4b8cb17f20919ee38, type: 2}
    - target: {fileID: 7910158291077502225, guid: 193a5cffb2d823f49a4638b84500b1b5,
        type: 3}
      propertyPath: m_Materials.Array.data[0]
      value: 
      objectReference: {fileID: 2100000, guid: ed2d8695952002d4b8cb17f20919ee38, type: 2}
    - target: {fileID: 8157947781092095092, guid: 193a5cffb2d823f49a4638b84500b1b5,
        type: 3}
      propertyPath: m_Materials.Array.data[0]
      value: 
      objectReference: {fileID: 2100000, guid: 42d2b51fab7975e4aa56a7a56cad6cd6, type: 2}
    - target: {fileID: 8457084112304985620, guid: 193a5cffb2d823f49a4638b84500b1b5,
        type: 3}
      propertyPath: m_Materials.Array.data[0]
      value: 
      objectReference: {fileID: 2100000, guid: ed2d8695952002d4b8cb17f20919ee38, type: 2}
    - target: {fileID: 8650114486238179637, guid: 193a5cffb2d823f49a4638b84500b1b5,
        type: 3}
      propertyPath: m_Materials.Array.data[0]
      value: 
      objectReference: {fileID: 2100000, guid: ed2d8695952002d4b8cb17f20919ee38, type: 2}
    - target: {fileID: 8879298655172685912, guid: 193a5cffb2d823f49a4638b84500b1b5,
        type: 3}
      propertyPath: m_Materials.Array.data[0]
      value: 
      objectReference: {fileID: 2100000, guid: 42d2b51fab7975e4aa56a7a56cad6cd6, type: 2}
    - target: {fileID: 8938173510323115632, guid: 193a5cffb2d823f49a4638b84500b1b5,
        type: 3}
      propertyPath: m_Materials.Array.data[0]
      value: 
      objectReference: {fileID: 2100000, guid: 42d2b51fab7975e4aa56a7a56cad6cd6, type: 2}
    - target: {fileID: 9016219591515154962, guid: 193a5cffb2d823f49a4638b84500b1b5,
        type: 3}
      propertyPath: m_Materials.Array.data[0]
      value: 
      objectReference: {fileID: 2100000, guid: ed2d8695952002d4b8cb17f20919ee38, type: 2}
    - target: {fileID: 9176783831360688845, guid: 193a5cffb2d823f49a4638b84500b1b5,
        type: 3}
      propertyPath: m_Enabled
      value: 0
      objectReference: {fileID: 0}
    m_RemovedComponents: []
  m_SourcePrefab: {fileID: 100100000, guid: 193a5cffb2d823f49a4638b84500b1b5, type: 3}
--- !u!4 &862543519923863476 stripped
Transform:
  m_CorrespondingSourceObject: {fileID: 6578217008483925137, guid: 193a5cffb2d823f49a4638b84500b1b5,
    type: 3}
  m_PrefabInstance: {fileID: 5814951165845930789}
  m_PrefabAsset: {fileID: 0}
--- !u!4 &3300033563516409419 stripped
Transform:
  m_CorrespondingSourceObject: {fileID: 9042885332399199598, guid: 193a5cffb2d823f49a4638b84500b1b5,
    type: 3}
  m_PrefabInstance: {fileID: 5814951165845930789}
  m_PrefabAsset: {fileID: 0}
--- !u!4 &2272115936002360600 stripped
Transform:
  m_CorrespondingSourceObject: {fileID: -3514225937219500483, guid: 193a5cffb2d823f49a4638b84500b1b5,
    type: 3}
  m_PrefabInstance: {fileID: 5814951165845930789}
  m_PrefabAsset: {fileID: 0}
--- !u!4 &7040703956489762368 stripped
Transform:
  m_CorrespondingSourceObject: {fileID: 3532864687823648101, guid: 193a5cffb2d823f49a4638b84500b1b5,
    type: 3}
  m_PrefabInstance: {fileID: 5814951165845930789}
  m_PrefabAsset: {fileID: 0}
--- !u!4 &8967684129188722767 stripped
Transform:
  m_CorrespondingSourceObject: {fileID: 3224936277041101674, guid: 193a5cffb2d823f49a4638b84500b1b5,
    type: 3}
  m_PrefabInstance: {fileID: 5814951165845930789}
  m_PrefabAsset: {fileID: 0}
--- !u!4 &5206981163815742702 stripped
Transform:
  m_CorrespondingSourceObject: {fileID: 1796991781475102667, guid: 193a5cffb2d823f49a4638b84500b1b5,
    type: 3}
  m_PrefabInstance: {fileID: 5814951165845930789}
  m_PrefabAsset: {fileID: 0}
--- !u!1 &6661864636065824372 stripped
GameObject:
  m_CorrespondingSourceObject: {fileID: 919132149155446097, guid: 193a5cffb2d823f49a4638b84500b1b5,
    type: 3}
  m_PrefabInstance: {fileID: 5814951165845930789}
  m_PrefabAsset: {fileID: 0}
