%YAML 1.1
%TAG !u! tag:unity3d.com,2011:
--- !u!1 &1514361130
GameObject:
  m_ObjectHideFlags: 0
  m_CorrespondingSourceObject: {fileID: 0}
  m_PrefabInstance: {fileID: 0}
  m_PrefabAsset: {fileID: 0}
  serializedVersion: 6
  m_Component:
  - component: {fileID: 1514361131}
  - component: {fileID: 1514361134}
  - component: {fileID: 1514361133}
  - component: {fileID: 1514361132}
  - component: {fileID: 5005738960405407023}
  m_Layer: 0
  m_Name: Camera
  m_TagString: Untagged
  m_Icon: {fileID: 0}
  m_NavMeshLayer: 0
  m_StaticEditorFlags: 0
  m_IsActive: 1
--- !u!4 &1514361131
Transform:
  m_ObjectHideFlags: 0
  m_CorrespondingSourceObject: {fileID: 0}
  m_PrefabInstance: {fileID: 0}
  m_PrefabAsset: {fileID: 0}
  m_GameObject: {fileID: 1514361130}
  m_LocalRotation: {x: 0, y: 1, z: 0, w: 0}
  m_LocalPosition: {x: 0, y: 0, z: 0}
  m_LocalScale: {x: 1, y: 1, z: 1}
  m_Children: []
  m_Father: {fileID: 2341870479130207126}
  m_RootOrder: 0
  m_LocalEulerAnglesHint: {x: 0, y: 180, z: 0}
--- !u!20 &1514361134
Camera:
  m_ObjectHideFlags: 0
  m_CorrespondingSourceObject: {fileID: 0}
  m_PrefabInstance: {fileID: 0}
  m_PrefabAsset: {fileID: 0}
  m_GameObject: {fileID: 1514361130}
  m_Enabled: 1
  serializedVersion: 2
  m_ClearFlags: 1
  m_BackGroundColor: {r: 0.19215687, g: 0.3019608, b: 0.4745098, a: 0}
  m_projectionMatrixMode: 2
  m_GateFitMode: 2
  m_FOVAxisMode: 0
  m_SensorSize: {x: 36, y: 24}
  m_LensShift: {x: 0, y: 0}
  m_FocalLength: 35
  m_NormalizedViewPortRect:
    serializedVersion: 2
    x: 0
    y: 0
    width: 1
    height: 1
  near clip plane: 0.01
  far clip plane: 1000
  field of view: 37.84929
  orthographic: 0
  orthographic size: 5
  m_Depth: 0
  m_CullingMask:
    serializedVersion: 2
    m_Bits: 4294967295
  m_RenderingPath: -1
  m_TargetTexture: {fileID: 0}
  m_TargetDisplay: 0
  m_TargetEye: 3
  m_HDR: 1
  m_AllowMSAA: 1
  m_AllowDynamicResolution: 0
  m_ForceIntoRT: 0
  m_OcclusionCulling: 1
  m_StereoConvergence: 10
  m_StereoSeparation: 0.022
--- !u!81 &1514361133
AudioListener:
  m_ObjectHideFlags: 0
  m_CorrespondingSourceObject: {fileID: 0}
  m_PrefabInstance: {fileID: 0}
  m_PrefabAsset: {fileID: 0}
  m_GameObject: {fileID: 1514361130}
  m_Enabled: 1
--- !u!114 &1514361132
MonoBehaviour:
  m_ObjectHideFlags: 0
  m_CorrespondingSourceObject: {fileID: 0}
  m_PrefabInstance: {fileID: 0}
  m_PrefabAsset: {fileID: 0}
  m_GameObject: {fileID: 1514361130}
  m_Enabled: 1
  m_EditorHideFlags: 0
  m_Script: {fileID: 11500000, guid: a79441f348de89743a2939f4d699eac1, type: 3}
  m_Name: 
  m_EditorClassIdentifier: 
  m_RenderShadows: 1
  m_RequiresDepthTextureOption: 2
  m_RequiresOpaqueTextureOption: 2
  m_CameraType: 0
  m_Cameras: []
  m_RendererIndex: -1
  m_VolumeLayerMask:
    serializedVersion: 2
    m_Bits: 1
  m_VolumeTrigger: {fileID: 0}
  m_RenderPostProcessing: 1
  m_Antialiasing: 0
  m_AntialiasingQuality: 2
  m_StopNaN: 0
  m_Dithering: 0
  m_ClearDepth: 1
  m_RequiresDepthTexture: 0
  m_RequiresColorTexture: 0
  m_Version: 2
--- !u!114 &5005738960405407023
MonoBehaviour:
  m_ObjectHideFlags: 0
  m_CorrespondingSourceObject: {fileID: 0}
  m_PrefabInstance: {fileID: 0}
  m_PrefabAsset: {fileID: 0}
  m_GameObject: {fileID: 1514361130}
  m_Enabled: 1
  m_EditorHideFlags: 0
  m_Script: {fileID: 11500000, guid: 55bca9867be192f4da1b4d8b0ec91f2a, type: 3}
  m_Name: 
  m_EditorClassIdentifier: 
  targetTex: {fileID: 0}
  m_settings:
    m_ResolutionMultiplier: 0
    m_ClipPlaneOffset: 0.07
    m_ReflectLayers:
      serializedVersion: 2
      m_Bits: 4294967295
    m_Shadows: 0
  target: {fileID: 0}
  m_planeOffset: 0.46
--- !u!95 &1629815671
Animator:
  serializedVersion: 3
  m_ObjectHideFlags: 0
  m_CorrespondingSourceObject: {fileID: 0}
  m_PrefabInstance: {fileID: 0}
  m_PrefabAsset: {fileID: 0}
  m_GameObject: {fileID: 5485535044918094845}
  m_Enabled: 1
  m_Avatar: {fileID: 0}
  m_Controller: {fileID: 9100000, guid: ad8e85c565fd090498376446c5b9dd21, type: 2}
  m_CullingMode: 0
  m_UpdateMode: 0
  m_ApplyRootMotion: 0
  m_LinearVelocityBlending: 0
  m_WarningMessage: 
  m_HasTransformHierarchy: 1
  m_AllowConstantClipSamplingOptimization: 1
  m_KeepAnimatorControllerStateOnDisable: 0
--- !u!1001 &4675265135214958252
PrefabInstance:
  m_ObjectHideFlags: 0
  serializedVersion: 2
  m_Modification:
    m_TransformParent: {fileID: 0}
    m_Modifications:
    - target: {fileID: -8679921383154817045, guid: 63010188b5cdb0f4a8b5c441eff40d4f,
        type: 3}
      propertyPath: m_LocalPosition.x
      value: 0
      objectReference: {fileID: 0}
    - target: {fileID: -8679921383154817045, guid: 63010188b5cdb0f4a8b5c441eff40d4f,
        type: 3}
      propertyPath: m_LocalPosition.y
      value: 0
      objectReference: {fileID: 0}
    - target: {fileID: -8679921383154817045, guid: 63010188b5cdb0f4a8b5c441eff40d4f,
        type: 3}
      propertyPath: m_LocalPosition.z
      value: 0
      objectReference: {fileID: 0}
    - target: {fileID: -8679921383154817045, guid: 63010188b5cdb0f4a8b5c441eff40d4f,
        type: 3}
      propertyPath: m_LocalRotation.x
      value: -0
      objectReference: {fileID: 0}
    - target: {fileID: -8679921383154817045, guid: 63010188b5cdb0f4a8b5c441eff40d4f,
        type: 3}
      propertyPath: m_LocalRotation.y
      value: -0
      objectReference: {fileID: 0}
    - target: {fileID: -8679921383154817045, guid: 63010188b5cdb0f4a8b5c441eff40d4f,
        type: 3}
      propertyPath: m_LocalRotation.z
      value: -0
      objectReference: {fileID: 0}
    - target: {fileID: -8679921383154817045, guid: 63010188b5cdb0f4a8b5c441eff40d4f,
        type: 3}
      propertyPath: m_LocalRotation.w
      value: 1
      objectReference: {fileID: 0}
    - target: {fileID: -8679921383154817045, guid: 63010188b5cdb0f4a8b5c441eff40d4f,
        type: 3}
      propertyPath: m_RootOrder
      value: 0
      objectReference: {fileID: 0}
    - target: {fileID: -8679921383154817045, guid: 63010188b5cdb0f4a8b5c441eff40d4f,
        type: 3}
      propertyPath: m_LocalEulerAnglesHint.x
      value: 0
      objectReference: {fileID: 0}
    - target: {fileID: -8679921383154817045, guid: 63010188b5cdb0f4a8b5c441eff40d4f,
        type: 3}
      propertyPath: m_LocalEulerAnglesHint.y
      value: 0
      objectReference: {fileID: 0}
    - target: {fileID: -8679921383154817045, guid: 63010188b5cdb0f4a8b5c441eff40d4f,
        type: 3}
      propertyPath: m_LocalEulerAnglesHint.z
      value: 0
      objectReference: {fileID: 0}
    - target: {fileID: -8679921383154817045, guid: 63010188b5cdb0f4a8b5c441eff40d4f,
        type: 3}
      propertyPath: m_LocalScale.x
      value: 15
      objectReference: {fileID: 0}
    - target: {fileID: -8679921383154817045, guid: 63010188b5cdb0f4a8b5c441eff40d4f,
        type: 3}
      propertyPath: m_LocalScale.y
      value: 15
      objectReference: {fileID: 0}
    - target: {fileID: -8679921383154817045, guid: 63010188b5cdb0f4a8b5c441eff40d4f,
        type: 3}
      propertyPath: m_LocalScale.z
      value: 15
      objectReference: {fileID: 0}
    - target: {fileID: 870445483078445690, guid: 63010188b5cdb0f4a8b5c441eff40d4f,
        type: 3}
      propertyPath: m_Enabled
      value: 0
      objectReference: {fileID: 0}
    - target: {fileID: 919132149155446097, guid: 63010188b5cdb0f4a8b5c441eff40d4f,
        type: 3}
      propertyPath: m_Name
      value: cameraPreviz
      objectReference: {fileID: 0}
    - target: {fileID: 929200427080380987, guid: 63010188b5cdb0f4a8b5c441eff40d4f,
        type: 3}
      propertyPath: m_IsActive
      value: 0
      objectReference: {fileID: 0}
    - target: {fileID: 6962035152419960122, guid: 63010188b5cdb0f4a8b5c441eff40d4f,
        type: 3}
      propertyPath: m_LocalEulerAnglesHint.x
      value: 0.7582455
      objectReference: {fileID: 0}
    - target: {fileID: 6962035152419960122, guid: 63010188b5cdb0f4a8b5c441eff40d4f,
        type: 3}
      propertyPath: m_LocalEulerAnglesHint.y
      value: 27.801851
      objectReference: {fileID: 0}
    - target: {fileID: 6962035152419960122, guid: 63010188b5cdb0f4a8b5c441eff40d4f,
        type: 3}
      propertyPath: m_LocalEulerAnglesHint.z
      value: 0.000000013341381
      objectReference: {fileID: 0}
    m_RemovedComponents: []
  m_SourcePrefab: {fileID: 100100000, guid: 63010188b5cdb0f4a8b5c441eff40d4f, type: 3}
--- !u!1 &5485535044918094845 stripped
GameObject:
  m_CorrespondingSourceObject: {fileID: 919132149155446097, guid: 63010188b5cdb0f4a8b5c441eff40d4f,
    type: 3}
  m_PrefabInstance: {fileID: 4675265135214958252}
  m_PrefabAsset: {fileID: 0}
--- !u!4 &2341870479130207126 stripped
Transform:
  m_CorrespondingSourceObject: {fileID: 6962035152419960122, guid: 63010188b5cdb0f4a8b5c441eff40d4f,
    type: 3}
  m_PrefabInstance: {fileID: 4675265135214958252}
  m_PrefabAsset: {fileID: 0}
