%YAML 1.1
%TAG !u! tag:unity3d.com,2011:
--- !u!1 &160114680530233704
GameObject:
  m_ObjectHideFlags: 0
  m_CorrespondingSourceObject: {fileID: 0}
  m_PrefabInstance: {fileID: 0}
  m_PrefabAsset: {fileID: 0}
  serializedVersion: 6
  m_Component:
  - component: {fileID: 5634531286360951831}
  - component: {fileID: 163542826619283264}
  - component: {fileID: 695495388946291940}
  m_Layer: 0
  m_Name: STAGE_LIGHT_RIG_004:Led_Head_DIZHUO_305
  m_TagString: Untagged
  m_Icon: {fileID: 0}
  m_NavMeshLayer: 0
  m_StaticEditorFlags: 0
  m_IsActive: 1
--- !u!4 &5634531286360951831
Transform:
  m_ObjectHideFlags: 0
  m_CorrespondingSourceObject: {fileID: 0}
  m_PrefabInstance: {fileID: 0}
  m_PrefabAsset: {fileID: 0}
  m_GameObject: {fileID: 160114680530233704}
  m_LocalRotation: {x: 0, y: -0, z: -0, w: 1}
  m_LocalPosition: {x: 0.000024147033, y: -0.006668434, z: 0.00028580189}
  m_LocalScale: {x: 1, y: 1, z: 1}
  m_Children: []
  m_Father: {fileID: 8545828755383956742}
  m_RootOrder: 1
  m_LocalEulerAnglesHint: {x: 0, y: 0, z: 0}
--- !u!33 &163542826619283264
MeshFilter:
  m_ObjectHideFlags: 0
  m_CorrespondingSourceObject: {fileID: 0}
  m_PrefabInstance: {fileID: 0}
  m_PrefabAsset: {fileID: 0}
  m_GameObject: {fileID: 160114680530233704}
  m_Mesh: {fileID: -6492183620233038038, guid: 019d468401a95e3409a5ac7a1af6c0b4, type: 3}
--- !u!23 &695495388946291940
MeshRenderer:
  m_ObjectHideFlags: 0
  m_CorrespondingSourceObject: {fileID: 0}
  m_PrefabInstance: {fileID: 0}
  m_PrefabAsset: {fileID: 0}
  m_GameObject: {fileID: 160114680530233704}
  m_Enabled: 1
  m_CastShadows: 1
  m_ReceiveShadows: 1
  m_DynamicOccludee: 1
  m_MotionVectors: 1
  m_LightProbeUsage: 1
  m_ReflectionProbeUsage: 1
  m_RayTracingMode: 2
  m_RenderingLayerMask: 1
  m_RendererPriority: 0
  m_Materials:
  - {fileID: 2100000, guid: 42d2b51fab7975e4aa56a7a56cad6cd6, type: 2}
  m_StaticBatchInfo:
    firstSubMesh: 0
    subMeshCount: 0
  m_StaticBatchRoot: {fileID: 0}
  m_ProbeAnchor: {fileID: 0}
  m_LightProbeVolumeOverride: {fileID: 0}
  m_ScaleInLightmap: 1
  m_ReceiveGI: 1
  m_PreserveUVs: 0
  m_IgnoreNormalsForChartDetection: 0
  m_ImportantGI: 0
  m_StitchLightmapSeams: 1
  m_SelectedEditorRenderState: 3
  m_MinimumChartSize: 4
  m_AutoUVMaxDistance: 0.5
  m_AutoUVMaxAngle: 89
  m_LightmapParameters: {fileID: 0}
  m_SortingLayerID: 0
  m_SortingLayer: 0
  m_SortingOrder: 0
--- !u!1 &235384463054155020
GameObject:
  m_ObjectHideFlags: 0
  m_CorrespondingSourceObject: {fileID: 0}
  m_PrefabInstance: {fileID: 0}
  m_PrefabAsset: {fileID: 0}
  serializedVersion: 6
  m_Component:
  - component: {fileID: 8421127029955530231}
  m_Layer: 0
  m_Name: STAGE_LIGHT_RIG_008:group47
  m_TagString: Untagged
  m_Icon: {fileID: 0}
  m_NavMeshLayer: 0
  m_StaticEditorFlags: 0
  m_IsActive: 1
--- !u!4 &8421127029955530231
Transform:
  m_ObjectHideFlags: 0
  m_CorrespondingSourceObject: {fileID: 0}
  m_PrefabInstance: {fileID: 0}
  m_PrefabAsset: {fileID: 0}
  m_GameObject: {fileID: 235384463054155020}
  m_LocalRotation: {x: 0, y: -0, z: -0, w: 1}
  m_LocalPosition: {x: 3.5527136e-17, y: -0.03381596, z: -0.0007325395}
  m_LocalScale: {x: 1, y: 1, z: 1}
  m_Children:
  - {fileID: 81164485511547278}
  m_Father: {fileID: 8485808292377862711}
  m_RootOrder: 0
  m_LocalEulerAnglesHint: {x: 0, y: 0, z: 0}
--- !u!1 &387737154410980027
GameObject:
  m_ObjectHideFlags: 0
  m_CorrespondingSourceObject: {fileID: 0}
  m_PrefabInstance: {fileID: 0}
  m_PrefabAsset: {fileID: 0}
  serializedVersion: 6
  m_Component:
  - component: {fileID: 32196051234701069}
  m_Layer: 0
  m_Name: STAGE_LIGHT_RIG_004:group47
  m_TagString: Untagged
  m_Icon: {fileID: 0}
  m_NavMeshLayer: 0
  m_StaticEditorFlags: 0
  m_IsActive: 1
--- !u!4 &32196051234701069
Transform:
  m_ObjectHideFlags: 0
  m_CorrespondingSourceObject: {fileID: 0}
  m_PrefabInstance: {fileID: 0}
  m_PrefabAsset: {fileID: 0}
  m_GameObject: {fileID: 387737154410980027}
  m_LocalRotation: {x: 0, y: -0, z: -0, w: 1}
  m_LocalPosition: {x: 3.5527136e-17, y: -0.03381596, z: -0.0007325395}
  m_LocalScale: {x: 1, y: 1, z: 1}
  m_Children:
  - {fileID: 7942680701845764092}
  m_Father: {fileID: 8545828755383956742}
  m_RootOrder: 0
  m_LocalEulerAnglesHint: {x: 0, y: 0, z: 0}
--- !u!1 &745334129486452290
GameObject:
  m_ObjectHideFlags: 0
  m_CorrespondingSourceObject: {fileID: 0}
  m_PrefabInstance: {fileID: 0}
  m_PrefabAsset: {fileID: 0}
  serializedVersion: 6
  m_Component:
  - component: {fileID: 1707485803282426110}
  m_Layer: 0
  m_Name: STAGE_LIGHT_RIG4HEAD
  m_TagString: Untagged
  m_Icon: {fileID: 0}
  m_NavMeshLayer: 0
  m_StaticEditorFlags: 0
  m_IsActive: 1
--- !u!4 &1707485803282426110
Transform:
  m_ObjectHideFlags: 0
  m_CorrespondingSourceObject: {fileID: 0}
  m_PrefabInstance: {fileID: 0}
  m_PrefabAsset: {fileID: 0}
  m_GameObject: {fileID: 745334129486452290}
  m_LocalRotation: {x: 0, y: 0.6712584, z: -0, w: 0.74122345}
  m_LocalPosition: {x: -0.0057287407, y: 0.40648246, z: 0.16653696}
  m_LocalScale: {x: 1, y: 1, z: 1}
  m_Children:
  - {fileID: 4288373234511234747}
  - {fileID: 2606946068463540159}
  m_Father: {fileID: 3821822766806557069}
  m_RootOrder: 3
  m_LocalEulerAnglesHint: {x: 0, y: 0, z: 0}
--- !u!1 &1120106094395857596
GameObject:
  m_ObjectHideFlags: 0
  m_CorrespondingSourceObject: {fileID: 0}
  m_PrefabInstance: {fileID: 0}
  m_PrefabAsset: {fileID: 0}
  serializedVersion: 6
  m_Component:
  - component: {fileID: 4288373234511234747}
  m_Layer: 0
  m_Name: STAGE_LIGHT_RIG_007:group47
  m_TagString: Untagged
  m_Icon: {fileID: 0}
  m_NavMeshLayer: 0
  m_StaticEditorFlags: 0
  m_IsActive: 1
--- !u!4 &4288373234511234747
Transform:
  m_ObjectHideFlags: 0
  m_CorrespondingSourceObject: {fileID: 0}
  m_PrefabInstance: {fileID: 0}
  m_PrefabAsset: {fileID: 0}
  m_GameObject: {fileID: 1120106094395857596}
  m_LocalRotation: {x: 0, y: -0, z: -0, w: 1}
  m_LocalPosition: {x: 3.5527136e-17, y: -0.03381596, z: -0.0007325395}
  m_LocalScale: {x: 1, y: 1, z: 1}
  m_Children:
  - {fileID: 4235654411078924853}
  m_Father: {fileID: 1707485803282426110}
  m_RootOrder: 0
  m_LocalEulerAnglesHint: {x: 0, y: 0, z: 0}
--- !u!1 &3573318695978265377
GameObject:
  m_ObjectHideFlags: 0
  m_CorrespondingSourceObject: {fileID: 0}
  m_PrefabInstance: {fileID: 0}
  m_PrefabAsset: {fileID: 0}
  serializedVersion: 6
  m_Component:
  - component: {fileID: 8485808292377862711}
  m_Layer: 0
  m_Name: STAGE_LIGHT_RIG5HEAD
  m_TagString: Untagged
  m_Icon: {fileID: 0}
  m_NavMeshLayer: 0
  m_StaticEditorFlags: 0
  m_IsActive: 1
--- !u!4 &8485808292377862711
Transform:
  m_ObjectHideFlags: 0
  m_CorrespondingSourceObject: {fileID: 0}
  m_PrefabInstance: {fileID: 0}
  m_PrefabAsset: {fileID: 0}
  m_GameObject: {fileID: 3573318695978265377}
  m_LocalRotation: {x: 0, y: -0, z: -0, w: 1}
  m_LocalPosition: {x: -0.22824791, y: 0.4060938, z: -0.06822293}
  m_LocalScale: {x: 1, y: 1, z: 1}
  m_Children:
  - {fileID: 8421127029955530231}
  - {fileID: 2998504413611766301}
  m_Father: {fileID: 3821822766806557069}
  m_RootOrder: 4
  m_LocalEulerAnglesHint: {x: 0, y: 0, z: 0}
--- !u!1 &3824349572800209883
GameObject:
  m_ObjectHideFlags: 0
  m_CorrespondingSourceObject: {fileID: 0}
  m_PrefabInstance: {fileID: 0}
  m_PrefabAsset: {fileID: 0}
  serializedVersion: 6
  m_Component:
  - component: {fileID: 2387337157469894059}
  - component: {fileID: 2476933350349178561}
  - component: {fileID: 4313465649972458135}
  m_Layer: 0
  m_Name: STAGE_LIGHT_RIG_006:Led_Head_Object001
  m_TagString: Untagged
  m_Icon: {fileID: 0}
  m_NavMeshLayer: 0
  m_StaticEditorFlags: 0
  m_IsActive: 1
--- !u!4 &2387337157469894059
Transform:
  m_ObjectHideFlags: 0
  m_CorrespondingSourceObject: {fileID: 0}
  m_PrefabInstance: {fileID: 0}
  m_PrefabAsset: {fileID: 0}
  m_GameObject: {fileID: 3824349572800209883}
  m_LocalRotation: {x: 0.0005781224, y: 0.9762556, z: -0.00012840309, w: 0.21662122}
  m_LocalPosition: {x: -0.0006275125, y: 0.00569472, z: 0.002169648}
  m_LocalScale: {x: 1, y: 1, z: 1}
  m_Children:
  - {fileID: 8917557963760363387}
  m_Father: {fileID: 9035506567613491567}
  m_RootOrder: 0
  m_LocalEulerAnglesHint: {x: 0.028715244, y: 154.9787, z: 0.061487593}
--- !u!33 &2476933350349178561
MeshFilter:
  m_ObjectHideFlags: 0
  m_CorrespondingSourceObject: {fileID: 0}
  m_PrefabInstance: {fileID: 0}
  m_PrefabAsset: {fileID: 0}
  m_GameObject: {fileID: 3824349572800209883}
  m_Mesh: {fileID: -2784656088417077426, guid: 019d468401a95e3409a5ac7a1af6c0b4, type: 3}
--- !u!23 &4313465649972458135
MeshRenderer:
  m_ObjectHideFlags: 0
  m_CorrespondingSourceObject: {fileID: 0}
  m_PrefabInstance: {fileID: 0}
  m_PrefabAsset: {fileID: 0}
  m_GameObject: {fileID: 3824349572800209883}
  m_Enabled: 1
  m_CastShadows: 1
  m_ReceiveShadows: 1
  m_DynamicOccludee: 1
  m_MotionVectors: 1
  m_LightProbeUsage: 1
  m_ReflectionProbeUsage: 1
  m_RayTracingMode: 2
  m_RenderingLayerMask: 1
  m_RendererPriority: 0
  m_Materials:
  - {fileID: 2100000, guid: 42d2b51fab7975e4aa56a7a56cad6cd6, type: 2}
  m_StaticBatchInfo:
    firstSubMesh: 0
    subMeshCount: 0
  m_StaticBatchRoot: {fileID: 0}
  m_ProbeAnchor: {fileID: 0}
  m_LightProbeVolumeOverride: {fileID: 0}
  m_ScaleInLightmap: 1
  m_ReceiveGI: 1
  m_PreserveUVs: 0
  m_IgnoreNormalsForChartDetection: 0
  m_ImportantGI: 0
  m_StitchLightmapSeams: 1
  m_SelectedEditorRenderState: 3
  m_MinimumChartSize: 4
  m_AutoUVMaxDistance: 0.5
  m_AutoUVMaxAngle: 89
  m_LightmapParameters: {fileID: 0}
  m_SortingLayerID: 0
  m_SortingLayer: 0
  m_SortingOrder: 0
--- !u!1 &3861745220829097437
GameObject:
  m_ObjectHideFlags: 0
  m_CorrespondingSourceObject: {fileID: 0}
  m_PrefabInstance: {fileID: 0}
  m_PrefabAsset: {fileID: 0}
  serializedVersion: 6
  m_Component:
  - component: {fileID: 81164485511547278}
  - component: {fileID: 5976915743169765095}
  - component: {fileID: 8749819556521544943}
  m_Layer: 0
  m_Name: STAGE_LIGHT_RIG_008:Led_Head_Object001
  m_TagString: Untagged
  m_Icon: {fileID: 0}
  m_NavMeshLayer: 0
  m_StaticEditorFlags: 0
  m_IsActive: 1
--- !u!4 &81164485511547278
Transform:
  m_ObjectHideFlags: 0
  m_CorrespondingSourceObject: {fileID: 0}
  m_PrefabInstance: {fileID: 0}
  m_PrefabAsset: {fileID: 0}
  m_GameObject: {fileID: 3861745220829097437}
  m_LocalRotation: {x: 0.000083985564, y: 0.1419774, z: -0.0005862464, w: 0.9898697}
  m_LocalPosition: {x: -0.0004111788, y: 0.005694463, z: -0.0007861936}
  m_LocalScale: {x: 1, y: 1, z: 1}
  m_Children:
  - {fileID: 4868668630775802478}
  m_Father: {fileID: 8421127029955530231}
  m_RootOrder: 0
  m_LocalEulerAnglesHint: {x: 0.019064425, y: 16.324562, z: -0.06513196}
--- !u!33 &5976915743169765095
MeshFilter:
  m_ObjectHideFlags: 0
  m_CorrespondingSourceObject: {fileID: 0}
  m_PrefabInstance: {fileID: 0}
  m_PrefabAsset: {fileID: 0}
  m_GameObject: {fileID: 3861745220829097437}
  m_Mesh: {fileID: -6659506688973467450, guid: 019d468401a95e3409a5ac7a1af6c0b4, type: 3}
--- !u!23 &8749819556521544943
MeshRenderer:
  m_ObjectHideFlags: 0
  m_CorrespondingSourceObject: {fileID: 0}
  m_PrefabInstance: {fileID: 0}
  m_PrefabAsset: {fileID: 0}
  m_GameObject: {fileID: 3861745220829097437}
  m_Enabled: 1
  m_CastShadows: 1
  m_ReceiveShadows: 1
  m_DynamicOccludee: 1
  m_MotionVectors: 1
  m_LightProbeUsage: 1
  m_ReflectionProbeUsage: 1
  m_RayTracingMode: 2
  m_RenderingLayerMask: 1
  m_RendererPriority: 0
  m_Materials:
  - {fileID: 2100000, guid: 42d2b51fab7975e4aa56a7a56cad6cd6, type: 2}
  m_StaticBatchInfo:
    firstSubMesh: 0
    subMeshCount: 0
  m_StaticBatchRoot: {fileID: 0}
  m_ProbeAnchor: {fileID: 0}
  m_LightProbeVolumeOverride: {fileID: 0}
  m_ScaleInLightmap: 1
  m_ReceiveGI: 1
  m_PreserveUVs: 0
  m_IgnoreNormalsForChartDetection: 0
  m_ImportantGI: 0
  m_StitchLightmapSeams: 1
  m_SelectedEditorRenderState: 3
  m_MinimumChartSize: 4
  m_AutoUVMaxDistance: 0.5
  m_AutoUVMaxAngle: 89
  m_LightmapParameters: {fileID: 0}
  m_SortingLayerID: 0
  m_SortingLayer: 0
  m_SortingOrder: 0
--- !u!1 &4244287844279870480
GameObject:
  m_ObjectHideFlags: 0
  m_CorrespondingSourceObject: {fileID: 0}
  m_PrefabInstance: {fileID: 0}
  m_PrefabAsset: {fileID: 0}
  serializedVersion: 6
  m_Component:
  - component: {fileID: 4817491413117565336}
  m_Layer: 0
  m_Name: STAGE_LIGHT_RIG_009:group47
  m_TagString: Untagged
  m_Icon: {fileID: 0}
  m_NavMeshLayer: 0
  m_StaticEditorFlags: 0
  m_IsActive: 1
--- !u!4 &4817491413117565336
Transform:
  m_ObjectHideFlags: 0
  m_CorrespondingSourceObject: {fileID: 0}
  m_PrefabInstance: {fileID: 0}
  m_PrefabAsset: {fileID: 0}
  m_GameObject: {fileID: 4244287844279870480}
  m_LocalRotation: {x: 0, y: -0, z: -0, w: 1}
  m_LocalPosition: {x: 3.5527136e-17, y: -0.03381596, z: -0.0007325395}
  m_LocalScale: {x: 1, y: 1, z: 1}
  m_Children:
  - {fileID: 5011875195493505174}
  m_Father: {fileID: 4125386551960486152}
  m_RootOrder: 0
  m_LocalEulerAnglesHint: {x: 0, y: 0, z: 0}
--- !u!1 &4427620761351222002
GameObject:
  m_ObjectHideFlags: 0
  m_CorrespondingSourceObject: {fileID: 0}
  m_PrefabInstance: {fileID: 0}
  m_PrefabAsset: {fileID: 0}
  serializedVersion: 6
  m_Component:
  - component: {fileID: 8545828755383956742}
  m_Layer: 0
  m_Name: STAGE_LIGHT_RIG1HEAD
  m_TagString: Untagged
  m_Icon: {fileID: 0}
  m_NavMeshLayer: 0
  m_StaticEditorFlags: 0
  m_IsActive: 1
--- !u!4 &8545828755383956742
Transform:
  m_ObjectHideFlags: 0
  m_CorrespondingSourceObject: {fileID: 0}
  m_PrefabInstance: {fileID: 0}
  m_PrefabAsset: {fileID: 0}
  m_GameObject: {fileID: 4427620761351222002}
  m_LocalRotation: {x: 0, y: 0.087776676, z: -0, w: 0.9961402}
  m_LocalPosition: {x: 0.07862985, y: 0.3692612, z: 0.30135942}
  m_LocalScale: {x: 1, y: 1, z: 1}
  m_Children:
  - {fileID: 32196051234701069}
  - {fileID: 5634531286360951831}
  m_Father: {fileID: 3821822766806557069}
  m_RootOrder: 0
  m_LocalEulerAnglesHint: {x: 0, y: 0, z: 0}
--- !u!1 &4480059917934553564
GameObject:
  m_ObjectHideFlags: 0
  m_CorrespondingSourceObject: {fileID: 0}
  m_PrefabInstance: {fileID: 0}
  m_PrefabAsset: {fileID: 0}
  serializedVersion: 6
  m_Component:
  - component: {fileID: 8724638196326191418}
  - component: {fileID: 7787555111535955023}
  - component: {fileID: 7052033692898701172}
  m_Layer: 0
  m_Name: STAGE_LIGHT_RIG_006:Led_Head_DIZHUO_305
  m_TagString: Untagged
  m_Icon: {fileID: 0}
  m_NavMeshLayer: 0
  m_StaticEditorFlags: 0
  m_IsActive: 1
--- !u!4 &8724638196326191418
Transform:
  m_ObjectHideFlags: 0
  m_CorrespondingSourceObject: {fileID: 0}
  m_PrefabInstance: {fileID: 0}
  m_PrefabAsset: {fileID: 0}
  m_GameObject: {fileID: 4480059917934553564}
  m_LocalRotation: {x: 0, y: -0, z: -0, w: 1}
  m_LocalPosition: {x: 0.000024147033, y: -0.006668434, z: 0.00028580189}
  m_LocalScale: {x: 1, y: 1, z: 1}
  m_Children: []
  m_Father: {fileID: 4628927186154051789}
  m_RootOrder: 1
  m_LocalEulerAnglesHint: {x: 0, y: 0, z: 0}
--- !u!33 &7787555111535955023
MeshFilter:
  m_ObjectHideFlags: 0
  m_CorrespondingSourceObject: {fileID: 0}
  m_PrefabInstance: {fileID: 0}
  m_PrefabAsset: {fileID: 0}
  m_GameObject: {fileID: 4480059917934553564}
  m_Mesh: {fileID: -1046202208820163363, guid: 019d468401a95e3409a5ac7a1af6c0b4, type: 3}
--- !u!23 &7052033692898701172
MeshRenderer:
  m_ObjectHideFlags: 0
  m_CorrespondingSourceObject: {fileID: 0}
  m_PrefabInstance: {fileID: 0}
  m_PrefabAsset: {fileID: 0}
  m_GameObject: {fileID: 4480059917934553564}
  m_Enabled: 1
  m_CastShadows: 1
  m_ReceiveShadows: 1
  m_DynamicOccludee: 1
  m_MotionVectors: 1
  m_LightProbeUsage: 1
  m_ReflectionProbeUsage: 1
  m_RayTracingMode: 2
  m_RenderingLayerMask: 1
  m_RendererPriority: 0
  m_Materials:
  - {fileID: 2100000, guid: 42d2b51fab7975e4aa56a7a56cad6cd6, type: 2}
  m_StaticBatchInfo:
    firstSubMesh: 0
    subMeshCount: 0
  m_StaticBatchRoot: {fileID: 0}
  m_ProbeAnchor: {fileID: 0}
  m_LightProbeVolumeOverride: {fileID: 0}
  m_ScaleInLightmap: 1
  m_ReceiveGI: 1
  m_PreserveUVs: 0
  m_IgnoreNormalsForChartDetection: 0
  m_ImportantGI: 0
  m_StitchLightmapSeams: 1
  m_SelectedEditorRenderState: 3
  m_MinimumChartSize: 4
  m_AutoUVMaxDistance: 0.5
  m_AutoUVMaxAngle: 89
  m_LightmapParameters: {fileID: 0}
  m_SortingLayerID: 0
  m_SortingLayer: 0
  m_SortingOrder: 0
--- !u!1 &4486156021973203767
GameObject:
  m_ObjectHideFlags: 0
  m_CorrespondingSourceObject: {fileID: 0}
  m_PrefabInstance: {fileID: 0}
  m_PrefabAsset: {fileID: 0}
  serializedVersion: 6
  m_Component:
  - component: {fileID: 3821822766806557069}
  - component: {fileID: 559130027}
  m_Layer: 0
  m_Name: enviro_stageLights
  m_TagString: Untagged
  m_Icon: {fileID: 0}
  m_NavMeshLayer: 0
  m_StaticEditorFlags: 0
  m_IsActive: 1
--- !u!4 &3821822766806557069
Transform:
  m_ObjectHideFlags: 0
  m_CorrespondingSourceObject: {fileID: 0}
  m_PrefabInstance: {fileID: 0}
  m_PrefabAsset: {fileID: 0}
  m_GameObject: {fileID: 4486156021973203767}
  m_LocalRotation: {x: -0, y: -0, z: -0, w: 1}
  m_LocalPosition: {x: 0, y: 0, z: 0}
  m_LocalScale: {x: 15, y: 15, z: 15}
  m_Children:
  - {fileID: 8545828755383956742}
  - {fileID: 2418497942969615837}
  - {fileID: 4628927186154051789}
  - {fileID: 1707485803282426110}
  - {fileID: 8485808292377862711}
  - {fileID: 4125386551960486152}
  m_Father: {fileID: 0}
  m_RootOrder: 0
  m_LocalEulerAnglesHint: {x: 0, y: 0, z: 0}
--- !u!95 &559130027
Animator:
  serializedVersion: 3
  m_ObjectHideFlags: 0
  m_CorrespondingSourceObject: {fileID: 0}
  m_PrefabInstance: {fileID: 0}
  m_PrefabAsset: {fileID: 0}
  m_GameObject: {fileID: 4486156021973203767}
  m_Enabled: 1
  m_Avatar: {fileID: 0}
  m_Controller: {fileID: 9100000, guid: 090f2f1d831732c41bd12a82d5fa25bd, type: 2}
  m_CullingMode: 0
  m_UpdateMode: 0
  m_ApplyRootMotion: 0
  m_LinearVelocityBlending: 0
  m_WarningMessage: 
  m_HasTransformHierarchy: 1
  m_AllowConstantClipSamplingOptimization: 1
  m_KeepAnimatorControllerStateOnDisable: 0
--- !u!1 &4905108208156698622
GameObject:
  m_ObjectHideFlags: 0
  m_CorrespondingSourceObject: {fileID: 0}
  m_PrefabInstance: {fileID: 0}
  m_PrefabAsset: {fileID: 0}
  serializedVersion: 6
  m_Component:
  - component: {fileID: 2606946068463540159}
  - component: {fileID: 8867514686248748822}
  - component: {fileID: 8147532080910735485}
  m_Layer: 0
  m_Name: STAGE_LIGHT_RIG_007:Led_Head_DIZHUO_305
  m_TagString: Untagged
  m_Icon: {fileID: 0}
  m_NavMeshLayer: 0
  m_StaticEditorFlags: 0
  m_IsActive: 1
--- !u!4 &2606946068463540159
Transform:
  m_ObjectHideFlags: 0
  m_CorrespondingSourceObject: {fileID: 0}
  m_PrefabInstance: {fileID: 0}
  m_PrefabAsset: {fileID: 0}
  m_GameObject: {fileID: 4905108208156698622}
  m_LocalRotation: {x: 0, y: -0, z: -0, w: 1}
  m_LocalPosition: {x: 0.000024147033, y: -0.006668434, z: 0.00028580189}
  m_LocalScale: {x: 1, y: 1, z: 1}
  m_Children: []
  m_Father: {fileID: 1707485803282426110}
  m_RootOrder: 1
  m_LocalEulerAnglesHint: {x: 0, y: 0, z: 0}
--- !u!33 &8867514686248748822
MeshFilter:
  m_ObjectHideFlags: 0
  m_CorrespondingSourceObject: {fileID: 0}
  m_PrefabInstance: {fileID: 0}
  m_PrefabAsset: {fileID: 0}
  m_GameObject: {fileID: 4905108208156698622}
  m_Mesh: {fileID: 2231360474257586462, guid: 019d468401a95e3409a5ac7a1af6c0b4, type: 3}
--- !u!23 &8147532080910735485
MeshRenderer:
  m_ObjectHideFlags: 0
  m_CorrespondingSourceObject: {fileID: 0}
  m_PrefabInstance: {fileID: 0}
  m_PrefabAsset: {fileID: 0}
  m_GameObject: {fileID: 4905108208156698622}
  m_Enabled: 1
  m_CastShadows: 1
  m_ReceiveShadows: 1
  m_DynamicOccludee: 1
  m_MotionVectors: 1
  m_LightProbeUsage: 1
  m_ReflectionProbeUsage: 1
  m_RayTracingMode: 2
  m_RenderingLayerMask: 1
  m_RendererPriority: 0
  m_Materials:
  - {fileID: 2100000, guid: 42d2b51fab7975e4aa56a7a56cad6cd6, type: 2}
  m_StaticBatchInfo:
    firstSubMesh: 0
    subMeshCount: 0
  m_StaticBatchRoot: {fileID: 0}
  m_ProbeAnchor: {fileID: 0}
  m_LightProbeVolumeOverride: {fileID: 0}
  m_ScaleInLightmap: 1
  m_ReceiveGI: 1
  m_PreserveUVs: 0
  m_IgnoreNormalsForChartDetection: 0
  m_ImportantGI: 0
  m_StitchLightmapSeams: 1
  m_SelectedEditorRenderState: 3
  m_MinimumChartSize: 4
  m_AutoUVMaxDistance: 0.5
  m_AutoUVMaxAngle: 89
  m_LightmapParameters: {fileID: 0}
  m_SortingLayerID: 0
  m_SortingLayer: 0
  m_SortingOrder: 0
--- !u!1 &5107036343640512003
GameObject:
  m_ObjectHideFlags: 0
  m_CorrespondingSourceObject: {fileID: 0}
  m_PrefabInstance: {fileID: 0}
  m_PrefabAsset: {fileID: 0}
  serializedVersion: 6
  m_Component:
  - component: {fileID: 4628927186154051789}
  m_Layer: 0
  m_Name: STAGE_LIGHT_RIG3HEAD
  m_TagString: Untagged
  m_Icon: {fileID: 0}
  m_NavMeshLayer: 0
  m_StaticEditorFlags: 0
  m_IsActive: 1
--- !u!4 &4628927186154051789
Transform:
  m_ObjectHideFlags: 0
  m_CorrespondingSourceObject: {fileID: 0}
  m_PrefabInstance: {fileID: 0}
  m_PrefabAsset: {fileID: 0}
  m_GameObject: {fileID: 5107036343640512003}
  m_LocalRotation: {x: 0, y: -0.47465935, z: -0, w: 0.8801696}
  m_LocalPosition: {x: -0.23953664, y: 0.3685423, z: -0.20098843}
  m_LocalScale: {x: 1, y: 1, z: 1}
  m_Children:
  - {fileID: 9035506567613491567}
  - {fileID: 8724638196326191418}
  m_Father: {fileID: 3821822766806557069}
  m_RootOrder: 2
  m_LocalEulerAnglesHint: {x: 0, y: 0, z: 0}
--- !u!1 &5473908048886541417
GameObject:
  m_ObjectHideFlags: 0
  m_CorrespondingSourceObject: {fileID: 0}
  m_PrefabInstance: {fileID: 0}
  m_PrefabAsset: {fileID: 0}
  serializedVersion: 6
  m_Component:
  - component: {fileID: 7942680701845764092}
  - component: {fileID: 7515923473293040183}
  - component: {fileID: 6354801014596974241}
  m_Layer: 0
  m_Name: STAGE_LIGHT_RIG_004:Led_Head_Object001
  m_TagString: Untagged
  m_Icon: {fileID: 0}
  m_NavMeshLayer: 0
  m_StaticEditorFlags: 0
  m_IsActive: 1
--- !u!4 &7942680701845764092
Transform:
  m_ObjectHideFlags: 0
  m_CorrespondingSourceObject: {fileID: 0}
  m_PrefabInstance: {fileID: 0}
  m_PrefabAsset: {fileID: 0}
  m_GameObject: {fileID: 5473908048886541417}
  m_LocalRotation: {x: 0.00036993908, y: 0.624783, z: -0.00046247538, w: 0.78079826}
  m_LocalPosition: {x: -0.0015079657, y: 0.0056957626, z: 0.0003895966}
  m_LocalScale: {x: 1, y: 1, z: 1}
  m_Children:
  - {fileID: 3402704392351713423}
  m_Father: {fileID: 32196051234701069}
  m_RootOrder: 0
  m_LocalEulerAnglesHint: {x: 0.06621038, y: 77.33253, z: -0.014893281}
--- !u!33 &7515923473293040183
MeshFilter:
  m_ObjectHideFlags: 0
  m_CorrespondingSourceObject: {fileID: 0}
  m_PrefabInstance: {fileID: 0}
  m_PrefabAsset: {fileID: 0}
  m_GameObject: {fileID: 5473908048886541417}
  m_Mesh: {fileID: 1022571312562520277, guid: 019d468401a95e3409a5ac7a1af6c0b4, type: 3}
--- !u!23 &6354801014596974241
MeshRenderer:
  m_ObjectHideFlags: 0
  m_CorrespondingSourceObject: {fileID: 0}
  m_PrefabInstance: {fileID: 0}
  m_PrefabAsset: {fileID: 0}
  m_GameObject: {fileID: 5473908048886541417}
  m_Enabled: 1
  m_CastShadows: 1
  m_ReceiveShadows: 1
  m_DynamicOccludee: 1
  m_MotionVectors: 1
  m_LightProbeUsage: 1
  m_ReflectionProbeUsage: 1
  m_RayTracingMode: 2
  m_RenderingLayerMask: 1
  m_RendererPriority: 0
  m_Materials:
  - {fileID: 2100000, guid: 42d2b51fab7975e4aa56a7a56cad6cd6, type: 2}
  m_StaticBatchInfo:
    firstSubMesh: 0
    subMeshCount: 0
  m_StaticBatchRoot: {fileID: 0}
  m_ProbeAnchor: {fileID: 0}
  m_LightProbeVolumeOverride: {fileID: 0}
  m_ScaleInLightmap: 1
  m_ReceiveGI: 1
  m_PreserveUVs: 0
  m_IgnoreNormalsForChartDetection: 0
  m_ImportantGI: 0
  m_StitchLightmapSeams: 1
  m_SelectedEditorRenderState: 3
  m_MinimumChartSize: 4
  m_AutoUVMaxDistance: 0.5
  m_AutoUVMaxAngle: 89
  m_LightmapParameters: {fileID: 0}
  m_SortingLayerID: 0
  m_SortingLayer: 0
  m_SortingOrder: 0
--- !u!1 &5708932022297549638
GameObject:
  m_ObjectHideFlags: 0
  m_CorrespondingSourceObject: {fileID: 0}
  m_PrefabInstance: {fileID: 0}
  m_PrefabAsset: {fileID: 0}
  serializedVersion: 6
  m_Component:
  - component: {fileID: 2418497942969615837}
  m_Layer: 0
  m_Name: STAGE_LIGHT_RIG2HEAD
  m_TagString: Untagged
  m_Icon: {fileID: 0}
  m_NavMeshLayer: 0
  m_StaticEditorFlags: 0
  m_IsActive: 1
--- !u!4 &2418497942969615837
Transform:
  m_ObjectHideFlags: 0
  m_CorrespondingSourceObject: {fileID: 0}
  m_PrefabInstance: {fileID: 0}
  m_PrefabAsset: {fileID: 0}
  m_GameObject: {fileID: 5708932022297549638}
  m_LocalRotation: {x: 0, y: 0.15448959, z: -0, w: 0.98799443}
  m_LocalPosition: {x: -0.26674572, y: 0.3685423, z: 0.15839393}
  m_LocalScale: {x: 1, y: 1, z: 1}
  m_Children:
  - {fileID: 3774736642449996125}
  - {fileID: 6791969852236292392}
  m_Father: {fileID: 3821822766806557069}
  m_RootOrder: 1
  m_LocalEulerAnglesHint: {x: 0, y: 0, z: 0}
--- !u!1 &6332837704224488427
GameObject:
  m_ObjectHideFlags: 0
  m_CorrespondingSourceObject: {fileID: 0}
  m_PrefabInstance: {fileID: 0}
  m_PrefabAsset: {fileID: 0}
  serializedVersion: 6
  m_Component:
  - component: {fileID: 9035506567613491567}
  m_Layer: 0
  m_Name: STAGE_LIGHT_RIG_006:group47
  m_TagString: Untagged
  m_Icon: {fileID: 0}
  m_NavMeshLayer: 0
  m_StaticEditorFlags: 0
  m_IsActive: 1
--- !u!4 &9035506567613491567
Transform:
  m_ObjectHideFlags: 0
  m_CorrespondingSourceObject: {fileID: 0}
  m_PrefabInstance: {fileID: 0}
  m_PrefabAsset: {fileID: 0}
  m_GameObject: {fileID: 6332837704224488427}
  m_LocalRotation: {x: 0, y: -0, z: -0, w: 1}
  m_LocalPosition: {x: 3.5527136e-17, y: -0.03381596, z: -0.0007325395}
  m_LocalScale: {x: 1, y: 1, z: 1}
  m_Children:
  - {fileID: 2387337157469894059}
  m_Father: {fileID: 4628927186154051789}
  m_RootOrder: 0
  m_LocalEulerAnglesHint: {x: 0, y: 0, z: 0}
--- !u!1 &6361845334414794365
GameObject:
  m_ObjectHideFlags: 0
  m_CorrespondingSourceObject: {fileID: 0}
  m_PrefabInstance: {fileID: 0}
  m_PrefabAsset: {fileID: 0}
  serializedVersion: 6
  m_Component:
  - component: {fileID: 3774736642449996125}
  m_Layer: 0
  m_Name: STAGE_LIGHT_RIG_005:group47
  m_TagString: Untagged
  m_Icon: {fileID: 0}
  m_NavMeshLayer: 0
  m_StaticEditorFlags: 0
  m_IsActive: 1
--- !u!4 &3774736642449996125
Transform:
  m_ObjectHideFlags: 0
  m_CorrespondingSourceObject: {fileID: 0}
  m_PrefabInstance: {fileID: 0}
  m_PrefabAsset: {fileID: 0}
  m_GameObject: {fileID: 6361845334414794365}
  m_LocalRotation: {x: 0, y: -0, z: -0, w: 1}
  m_LocalPosition: {x: 3.5527136e-17, y: -0.03381596, z: -0.0007325395}
  m_LocalScale: {x: 1, y: 1, z: 1}
  m_Children:
  - {fileID: 6683322884017905448}
  m_Father: {fileID: 2418497942969615837}
  m_RootOrder: 0
  m_LocalEulerAnglesHint: {x: 0, y: 0, z: 0}
--- !u!1 &6384267750731341021
GameObject:
  m_ObjectHideFlags: 0
  m_CorrespondingSourceObject: {fileID: 0}
  m_PrefabInstance: {fileID: 0}
  m_PrefabAsset: {fileID: 0}
  serializedVersion: 6
  m_Component:
  - component: {fileID: 5011875195493505174}
  - component: {fileID: 7873075096115104245}
  - component: {fileID: 990533080626039771}
  m_Layer: 0
  m_Name: STAGE_LIGHT_RIG_009:Led_Head_Object001
  m_TagString: Untagged
  m_Icon: {fileID: 0}
  m_NavMeshLayer: 0
  m_StaticEditorFlags: 0
  m_IsActive: 1
--- !u!4 &5011875195493505174
Transform:
  m_ObjectHideFlags: 0
  m_CorrespondingSourceObject: {fileID: 0}
  m_PrefabInstance: {fileID: 0}
  m_PrefabAsset: {fileID: 0}
  m_GameObject: {fileID: 6384267750731341021}
  m_LocalRotation: {x: -0.00025829463, y: -0.43598735, z: -0.00053293735, w: 0.8999526}
  m_LocalPosition: {x: 0.0012784373, y: 0.005692462, z: -0.00025270003}
  m_LocalScale: {x: 1, y: 1, z: 1}
  m_Children:
  - {fileID: 371529708367950924}
  m_Father: {fileID: 4817491413117565336}
  m_RootOrder: 0
  m_LocalEulerAnglesHint: {x: -0.053262945, y: -51.696266, z: -0.042055715}
--- !u!33 &7873075096115104245
MeshFilter:
  m_ObjectHideFlags: 0
  m_CorrespondingSourceObject: {fileID: 0}
  m_PrefabInstance: {fileID: 0}
  m_PrefabAsset: {fileID: 0}
  m_GameObject: {fileID: 6384267750731341021}
  m_Mesh: {fileID: -5471939363586331137, guid: 019d468401a95e3409a5ac7a1af6c0b4, type: 3}
--- !u!23 &990533080626039771
MeshRenderer:
  m_ObjectHideFlags: 0
  m_CorrespondingSourceObject: {fileID: 0}
  m_PrefabInstance: {fileID: 0}
  m_PrefabAsset: {fileID: 0}
  m_GameObject: {fileID: 6384267750731341021}
  m_Enabled: 1
  m_CastShadows: 1
  m_ReceiveShadows: 1
  m_DynamicOccludee: 1
  m_MotionVectors: 1
  m_LightProbeUsage: 1
  m_ReflectionProbeUsage: 1
  m_RayTracingMode: 2
  m_RenderingLayerMask: 1
  m_RendererPriority: 0
  m_Materials:
  - {fileID: 2100000, guid: 42d2b51fab7975e4aa56a7a56cad6cd6, type: 2}
  m_StaticBatchInfo:
    firstSubMesh: 0
    subMeshCount: 0
  m_StaticBatchRoot: {fileID: 0}
  m_ProbeAnchor: {fileID: 0}
  m_LightProbeVolumeOverride: {fileID: 0}
  m_ScaleInLightmap: 1
  m_ReceiveGI: 1
  m_PreserveUVs: 0
  m_IgnoreNormalsForChartDetection: 0
  m_ImportantGI: 0
  m_StitchLightmapSeams: 1
  m_SelectedEditorRenderState: 3
  m_MinimumChartSize: 4
  m_AutoUVMaxDistance: 0.5
  m_AutoUVMaxAngle: 89
  m_LightmapParameters: {fileID: 0}
  m_SortingLayerID: 0
  m_SortingLayer: 0
  m_SortingOrder: 0
--- !u!1 &6506247162491484276
GameObject:
  m_ObjectHideFlags: 0
  m_CorrespondingSourceObject: {fileID: 0}
  m_PrefabInstance: {fileID: 0}
  m_PrefabAsset: {fileID: 0}
  serializedVersion: 6
  m_Component:
  - component: {fileID: 6791969852236292392}
  - component: {fileID: 8527446432870675146}
  - component: {fileID: 1041220329748871512}
  m_Layer: 0
  m_Name: STAGE_LIGHT_RIG_005:Led_Head_DIZHUO_305
  m_TagString: Untagged
  m_Icon: {fileID: 0}
  m_NavMeshLayer: 0
  m_StaticEditorFlags: 0
  m_IsActive: 1
--- !u!4 &6791969852236292392
Transform:
  m_ObjectHideFlags: 0
  m_CorrespondingSourceObject: {fileID: 0}
  m_PrefabInstance: {fileID: 0}
  m_PrefabAsset: {fileID: 0}
  m_GameObject: {fileID: 6506247162491484276}
  m_LocalRotation: {x: 0, y: -0, z: -0, w: 1}
  m_LocalPosition: {x: 0.000024147033, y: -0.006668434, z: 0.00028580189}
  m_LocalScale: {x: 1, y: 1, z: 1}
  m_Children: []
  m_Father: {fileID: 2418497942969615837}
  m_RootOrder: 1
  m_LocalEulerAnglesHint: {x: 0, y: 0, z: 0}
--- !u!33 &8527446432870675146
MeshFilter:
  m_ObjectHideFlags: 0
  m_CorrespondingSourceObject: {fileID: 0}
  m_PrefabInstance: {fileID: 0}
  m_PrefabAsset: {fileID: 0}
  m_GameObject: {fileID: 6506247162491484276}
  m_Mesh: {fileID: 4552793999070555700, guid: 019d468401a95e3409a5ac7a1af6c0b4, type: 3}
--- !u!23 &1041220329748871512
MeshRenderer:
  m_ObjectHideFlags: 0
  m_CorrespondingSourceObject: {fileID: 0}
  m_PrefabInstance: {fileID: 0}
  m_PrefabAsset: {fileID: 0}
  m_GameObject: {fileID: 6506247162491484276}
  m_Enabled: 1
  m_CastShadows: 1
  m_ReceiveShadows: 1
  m_DynamicOccludee: 1
  m_MotionVectors: 1
  m_LightProbeUsage: 1
  m_ReflectionProbeUsage: 1
  m_RayTracingMode: 2
  m_RenderingLayerMask: 1
  m_RendererPriority: 0
  m_Materials:
  - {fileID: 2100000, guid: 42d2b51fab7975e4aa56a7a56cad6cd6, type: 2}
  m_StaticBatchInfo:
    firstSubMesh: 0
    subMeshCount: 0
  m_StaticBatchRoot: {fileID: 0}
  m_ProbeAnchor: {fileID: 0}
  m_LightProbeVolumeOverride: {fileID: 0}
  m_ScaleInLightmap: 1
  m_ReceiveGI: 1
  m_PreserveUVs: 0
  m_IgnoreNormalsForChartDetection: 0
  m_ImportantGI: 0
  m_StitchLightmapSeams: 1
  m_SelectedEditorRenderState: 3
  m_MinimumChartSize: 4
  m_AutoUVMaxDistance: 0.5
  m_AutoUVMaxAngle: 89
  m_LightmapParameters: {fileID: 0}
  m_SortingLayerID: 0
  m_SortingLayer: 0
  m_SortingOrder: 0
--- !u!1 &6534156674044592813
GameObject:
  m_ObjectHideFlags: 0
  m_CorrespondingSourceObject: {fileID: 0}
  m_PrefabInstance: {fileID: 0}
  m_PrefabAsset: {fileID: 0}
  serializedVersion: 6
  m_Component:
  - component: {fileID: 4125386551960486152}
  m_Layer: 0
  m_Name: STAGE_LIGHT_RIG6HEAD
  m_TagString: Untagged
  m_Icon: {fileID: 0}
  m_NavMeshLayer: 0
  m_StaticEditorFlags: 0
  m_IsActive: 1
--- !u!4 &4125386551960486152
Transform:
  m_ObjectHideFlags: 0
  m_CorrespondingSourceObject: {fileID: 0}
  m_PrefabInstance: {fileID: 0}
  m_PrefabAsset: {fileID: 0}
  m_GameObject: {fileID: 6534156674044592813}
  m_LocalRotation: {x: 0, y: -0, z: -0, w: 1}
  m_LocalPosition: {x: 0.22360462, y: 0.40589872, z: -0.06646799}
  m_LocalScale: {x: 1, y: 1, z: 1}
  m_Children:
  - {fileID: 4817491413117565336}
  - {fileID: 1531375777405347249}
  m_Father: {fileID: 3821822766806557069}
  m_RootOrder: 5
  m_LocalEulerAnglesHint: {x: 0, y: 0, z: 0}
--- !u!1 &6947966970628815455
GameObject:
  m_ObjectHideFlags: 0
  m_CorrespondingSourceObject: {fileID: 0}
  m_PrefabInstance: {fileID: 0}
  m_PrefabAsset: {fileID: 0}
  serializedVersion: 6
  m_Component:
  - component: {fileID: 1531375777405347249}
  - component: {fileID: 4861598961781006912}
  - component: {fileID: 113529820694599678}
  m_Layer: 0
  m_Name: STAGE_LIGHT_RIG_009:Led_Head_DIZHUO_305
  m_TagString: Untagged
  m_Icon: {fileID: 0}
  m_NavMeshLayer: 0
  m_StaticEditorFlags: 0
  m_IsActive: 1
--- !u!4 &1531375777405347249
Transform:
  m_ObjectHideFlags: 0
  m_CorrespondingSourceObject: {fileID: 0}
  m_PrefabInstance: {fileID: 0}
  m_PrefabAsset: {fileID: 0}
  m_GameObject: {fileID: 6947966970628815455}
  m_LocalRotation: {x: 0, y: -0, z: -0, w: 1}
  m_LocalPosition: {x: 0.000024147033, y: -0.006668434, z: 0.00028580189}
  m_LocalScale: {x: 1, y: 1, z: 1}
  m_Children: []
  m_Father: {fileID: 4125386551960486152}
  m_RootOrder: 1
  m_LocalEulerAnglesHint: {x: 0, y: 0, z: 0}
--- !u!33 &4861598961781006912
MeshFilter:
  m_ObjectHideFlags: 0
  m_CorrespondingSourceObject: {fileID: 0}
  m_PrefabInstance: {fileID: 0}
  m_PrefabAsset: {fileID: 0}
  m_GameObject: {fileID: 6947966970628815455}
  m_Mesh: {fileID: 4354576828850086274, guid: 019d468401a95e3409a5ac7a1af6c0b4, type: 3}
--- !u!23 &113529820694599678
MeshRenderer:
  m_ObjectHideFlags: 0
  m_CorrespondingSourceObject: {fileID: 0}
  m_PrefabInstance: {fileID: 0}
  m_PrefabAsset: {fileID: 0}
  m_GameObject: {fileID: 6947966970628815455}
  m_Enabled: 1
  m_CastShadows: 1
  m_ReceiveShadows: 1
  m_DynamicOccludee: 1
  m_MotionVectors: 1
  m_LightProbeUsage: 1
  m_ReflectionProbeUsage: 1
  m_RayTracingMode: 2
  m_RenderingLayerMask: 1
  m_RendererPriority: 0
  m_Materials:
  - {fileID: 2100000, guid: 42d2b51fab7975e4aa56a7a56cad6cd6, type: 2}
  m_StaticBatchInfo:
    firstSubMesh: 0
    subMeshCount: 0
  m_StaticBatchRoot: {fileID: 0}
  m_ProbeAnchor: {fileID: 0}
  m_LightProbeVolumeOverride: {fileID: 0}
  m_ScaleInLightmap: 1
  m_ReceiveGI: 1
  m_PreserveUVs: 0
  m_IgnoreNormalsForChartDetection: 0
  m_ImportantGI: 0
  m_StitchLightmapSeams: 1
  m_SelectedEditorRenderState: 3
  m_MinimumChartSize: 4
  m_AutoUVMaxDistance: 0.5
  m_AutoUVMaxAngle: 89
  m_LightmapParameters: {fileID: 0}
  m_SortingLayerID: 0
  m_SortingLayer: 0
  m_SortingOrder: 0
--- !u!1 &7296362114861938771
GameObject:
  m_ObjectHideFlags: 0
  m_CorrespondingSourceObject: {fileID: 0}
  m_PrefabInstance: {fileID: 0}
  m_PrefabAsset: {fileID: 0}
  serializedVersion: 6
  m_Component:
  - component: {fileID: 6683322884017905448}
  - component: {fileID: 2643530028817290722}
  - component: {fileID: 1787565520103692800}
  m_Layer: 0
  m_Name: STAGE_LIGHT_RIG_005:Led_Head_Object001
  m_TagString: Untagged
  m_Icon: {fileID: 0}
  m_NavMeshLayer: 0
  m_StaticEditorFlags: 0
  m_IsActive: 1
--- !u!4 &6683322884017905448
Transform:
  m_ObjectHideFlags: 0
  m_CorrespondingSourceObject: {fileID: 0}
  m_PrefabInstance: {fileID: 0}
  m_PrefabAsset: {fileID: 0}
  m_GameObject: {fileID: 7296362114861938771}
  m_LocalRotation: {x: 0.0004390487, y: 0.7414582, z: -0.00039746022, w: 0.6709988}
  m_LocalPosition: {x: -0.0015372232, y: 0.005695797, z: 0.0008946359}
  m_LocalScale: {x: 1, y: 1, z: 1}
  m_Children:
  - {fileID: 4375393389175478524}
  m_Father: {fileID: 3774736642449996125}
  m_RootOrder: 0
  m_LocalEulerAnglesHint: {x: 0.067528956, y: 95.71158, z: 0.006742675}
--- !u!33 &2643530028817290722
MeshFilter:
  m_ObjectHideFlags: 0
  m_CorrespondingSourceObject: {fileID: 0}
  m_PrefabInstance: {fileID: 0}
  m_PrefabAsset: {fileID: 0}
  m_GameObject: {fileID: 7296362114861938771}
  m_Mesh: {fileID: -1542871184096126005, guid: 019d468401a95e3409a5ac7a1af6c0b4, type: 3}
--- !u!23 &1787565520103692800
MeshRenderer:
  m_ObjectHideFlags: 0
  m_CorrespondingSourceObject: {fileID: 0}
  m_PrefabInstance: {fileID: 0}
  m_PrefabAsset: {fileID: 0}
  m_GameObject: {fileID: 7296362114861938771}
  m_Enabled: 1
  m_CastShadows: 1
  m_ReceiveShadows: 1
  m_DynamicOccludee: 1
  m_MotionVectors: 1
  m_LightProbeUsage: 1
  m_ReflectionProbeUsage: 1
  m_RayTracingMode: 2
  m_RenderingLayerMask: 1
  m_RendererPriority: 0
  m_Materials:
  - {fileID: 2100000, guid: 42d2b51fab7975e4aa56a7a56cad6cd6, type: 2}
  m_StaticBatchInfo:
    firstSubMesh: 0
    subMeshCount: 0
  m_StaticBatchRoot: {fileID: 0}
  m_ProbeAnchor: {fileID: 0}
  m_LightProbeVolumeOverride: {fileID: 0}
  m_ScaleInLightmap: 1
  m_ReceiveGI: 1
  m_PreserveUVs: 0
  m_IgnoreNormalsForChartDetection: 0
  m_ImportantGI: 0
  m_StitchLightmapSeams: 1
  m_SelectedEditorRenderState: 3
  m_MinimumChartSize: 4
  m_AutoUVMaxDistance: 0.5
  m_AutoUVMaxAngle: 89
  m_LightmapParameters: {fileID: 0}
  m_SortingLayerID: 0
  m_SortingLayer: 0
  m_SortingOrder: 0
--- !u!1 &7541667836115068935
GameObject:
  m_ObjectHideFlags: 0
  m_CorrespondingSourceObject: {fileID: 0}
  m_PrefabInstance: {fileID: 0}
  m_PrefabAsset: {fileID: 0}
  serializedVersion: 6
  m_Component:
  - component: {fileID: 2998504413611766301}
  - component: {fileID: 2783436190768693521}
  - component: {fileID: 65196635045668075}
  m_Layer: 0
  m_Name: STAGE_LIGHT_RIG_008:Led_Head_DIZHUO_305
  m_TagString: Untagged
  m_Icon: {fileID: 0}
  m_NavMeshLayer: 0
  m_StaticEditorFlags: 0
  m_IsActive: 1
--- !u!4 &2998504413611766301
Transform:
  m_ObjectHideFlags: 0
  m_CorrespondingSourceObject: {fileID: 0}
  m_PrefabInstance: {fileID: 0}
  m_PrefabAsset: {fileID: 0}
  m_GameObject: {fileID: 7541667836115068935}
  m_LocalRotation: {x: 0, y: -0, z: -0, w: 1}
  m_LocalPosition: {x: 0.000024147033, y: -0.006668434, z: 0.00028580189}
  m_LocalScale: {x: 1, y: 1, z: 1}
  m_Children: []
  m_Father: {fileID: 8485808292377862711}
  m_RootOrder: 1
  m_LocalEulerAnglesHint: {x: 0, y: 0, z: 0}
--- !u!33 &2783436190768693521
MeshFilter:
  m_ObjectHideFlags: 0
  m_CorrespondingSourceObject: {fileID: 0}
  m_PrefabInstance: {fileID: 0}
  m_PrefabAsset: {fileID: 0}
  m_GameObject: {fileID: 7541667836115068935}
  m_Mesh: {fileID: 3080147470610787299, guid: 019d468401a95e3409a5ac7a1af6c0b4, type: 3}
--- !u!23 &65196635045668075
MeshRenderer:
  m_ObjectHideFlags: 0
  m_CorrespondingSourceObject: {fileID: 0}
  m_PrefabInstance: {fileID: 0}
  m_PrefabAsset: {fileID: 0}
  m_GameObject: {fileID: 7541667836115068935}
  m_Enabled: 1
  m_CastShadows: 1
  m_ReceiveShadows: 1
  m_DynamicOccludee: 1
  m_MotionVectors: 1
  m_LightProbeUsage: 1
  m_ReflectionProbeUsage: 1
  m_RayTracingMode: 2
  m_RenderingLayerMask: 1
  m_RendererPriority: 0
  m_Materials:
  - {fileID: 2100000, guid: 42d2b51fab7975e4aa56a7a56cad6cd6, type: 2}
  m_StaticBatchInfo:
    firstSubMesh: 0
    subMeshCount: 0
  m_StaticBatchRoot: {fileID: 0}
  m_ProbeAnchor: {fileID: 0}
  m_LightProbeVolumeOverride: {fileID: 0}
  m_ScaleInLightmap: 1
  m_ReceiveGI: 1
  m_PreserveUVs: 0
  m_IgnoreNormalsForChartDetection: 0
  m_ImportantGI: 0
  m_StitchLightmapSeams: 1
  m_SelectedEditorRenderState: 3
  m_MinimumChartSize: 4
  m_AutoUVMaxDistance: 0.5
  m_AutoUVMaxAngle: 89
  m_LightmapParameters: {fileID: 0}
  m_SortingLayerID: 0
  m_SortingLayer: 0
  m_SortingOrder: 0
--- !u!1 &9182605739728164666
GameObject:
  m_ObjectHideFlags: 0
  m_CorrespondingSourceObject: {fileID: 0}
  m_PrefabInstance: {fileID: 0}
  m_PrefabAsset: {fileID: 0}
  serializedVersion: 6
  m_Component:
  - component: {fileID: 4235654411078924853}
  - component: {fileID: 3832635260045924606}
  - component: {fileID: 6991040887728491322}
  m_Layer: 0
  m_Name: STAGE_LIGHT_RIG_007:Led_Head_Object001
  m_TagString: Untagged
  m_Icon: {fileID: 0}
  m_NavMeshLayer: 0
  m_StaticEditorFlags: 0
  m_IsActive: 1
--- !u!4 &4235654411078924853
Transform:
  m_ObjectHideFlags: 0
  m_CorrespondingSourceObject: {fileID: 0}
  m_PrefabInstance: {fileID: 0}
  m_PrefabAsset: {fileID: 0}
  m_GameObject: {fileID: 9182605739728164666}
  m_LocalRotation: {x: 0.000037767943, y: 0.063939005, z: -0.00059102615, w: 0.99795365}
  m_LocalPosition: {x: -0.00016826234, y: 0.005694175, z: -0.0008377857}
  m_LocalScale: {x: 1, y: 1, z: 1}
  m_Children:
  - {fileID: 5489410708413718654}
  m_Father: {fileID: 4288373234511234747}
  m_RootOrder: 0
  m_LocalEulerAnglesHint: {x: 0.008649402, y: 7.3318677, z: -0.0673113}
--- !u!33 &3832635260045924606
MeshFilter:
  m_ObjectHideFlags: 0
  m_CorrespondingSourceObject: {fileID: 0}
  m_PrefabInstance: {fileID: 0}
  m_PrefabAsset: {fileID: 0}
  m_GameObject: {fileID: 9182605739728164666}
  m_Mesh: {fileID: -8790470750438726769, guid: 019d468401a95e3409a5ac7a1af6c0b4, type: 3}
--- !u!23 &6991040887728491322
MeshRenderer:
  m_ObjectHideFlags: 0
  m_CorrespondingSourceObject: {fileID: 0}
  m_PrefabInstance: {fileID: 0}
  m_PrefabAsset: {fileID: 0}
  m_GameObject: {fileID: 9182605739728164666}
  m_Enabled: 1
  m_CastShadows: 1
  m_ReceiveShadows: 1
  m_DynamicOccludee: 1
  m_MotionVectors: 1
  m_LightProbeUsage: 1
  m_ReflectionProbeUsage: 1
  m_RayTracingMode: 2
  m_RenderingLayerMask: 1
  m_RendererPriority: 0
  m_Materials:
  - {fileID: 2100000, guid: 42d2b51fab7975e4aa56a7a56cad6cd6, type: 2}
  m_StaticBatchInfo:
    firstSubMesh: 0
    subMeshCount: 0
  m_StaticBatchRoot: {fileID: 0}
  m_ProbeAnchor: {fileID: 0}
  m_LightProbeVolumeOverride: {fileID: 0}
  m_ScaleInLightmap: 1
  m_ReceiveGI: 1
  m_PreserveUVs: 0
  m_IgnoreNormalsForChartDetection: 0
  m_ImportantGI: 0
  m_StitchLightmapSeams: 1
  m_SelectedEditorRenderState: 3
  m_MinimumChartSize: 4
  m_AutoUVMaxDistance: 0.5
  m_AutoUVMaxAngle: 89
  m_LightmapParameters: {fileID: 0}
  m_SortingLayerID: 0
  m_SortingLayer: 0
  m_SortingOrder: 0
--- !u!1001 &755208917937208184
PrefabInstance:
  m_ObjectHideFlags: 0
  serializedVersion: 2
  m_Modification:
    m_TransformParent: {fileID: 5011875195493505174}
    m_Modifications:
    - target: {fileID: 1107035376836153140, guid: f3c26deb236a9c44b99571d9aeedf983,
        type: 3}
      propertyPath: m_LocalPosition.x
      value: -0.0005065602
      objectReference: {fileID: 0}
    - target: {fileID: 1107035376836153140, guid: f3c26deb236a9c44b99571d9aeedf983,
        type: 3}
      propertyPath: m_LocalPosition.y
      value: -0.0092138285
      objectReference: {fileID: 0}
    - target: {fileID: 1107035376836153140, guid: f3c26deb236a9c44b99571d9aeedf983,
        type: 3}
      propertyPath: m_LocalPosition.z
      value: 0.0011672592
      objectReference: {fileID: 0}
    - target: {fileID: 1107035376836153140, guid: f3c26deb236a9c44b99571d9aeedf983,
        type: 3}
      propertyPath: m_LocalRotation.x
      value: 0.5121625
      objectReference: {fileID: 0}
    - target: {fileID: 1107035376836153140, guid: f3c26deb236a9c44b99571d9aeedf983,
        type: 3}
      propertyPath: m_LocalRotation.y
      value: -0
      objectReference: {fileID: 0}
    - target: {fileID: 1107035376836153140, guid: f3c26deb236a9c44b99571d9aeedf983,
        type: 3}
      propertyPath: m_LocalRotation.z
      value: -0
      objectReference: {fileID: 0}
    - target: {fileID: 1107035376836153140, guid: f3c26deb236a9c44b99571d9aeedf983,
        type: 3}
      propertyPath: m_LocalRotation.w
      value: 0.8588886
      objectReference: {fileID: 0}
    - target: {fileID: 1107035376836153140, guid: f3c26deb236a9c44b99571d9aeedf983,
        type: 3}
      propertyPath: m_RootOrder
      value: 0
      objectReference: {fileID: 0}
    - target: {fileID: 1107035376836153140, guid: f3c26deb236a9c44b99571d9aeedf983,
        type: 3}
      propertyPath: m_LocalEulerAnglesHint.x
      value: 57.33699
      objectReference: {fileID: 0}
    - target: {fileID: 1107035376836153140, guid: f3c26deb236a9c44b99571d9aeedf983,
        type: 3}
      propertyPath: m_LocalEulerAnglesHint.y
      value: 0
      objectReference: {fileID: 0}
    - target: {fileID: 1107035376836153140, guid: f3c26deb236a9c44b99571d9aeedf983,
        type: 3}
      propertyPath: m_LocalEulerAnglesHint.z
      value: 0
      objectReference: {fileID: 0}
    - target: {fileID: 1764256324868024938, guid: f3c26deb236a9c44b99571d9aeedf983,
        type: 3}
      propertyPath: m_Name
      value: STAGE_LIGHT_RIG_009_Led_Head_Head
      objectReference: {fileID: 0}
    m_RemovedComponents: []
  m_SourcePrefab: {fileID: 100100000, guid: f3c26deb236a9c44b99571d9aeedf983, type: 3}
--- !u!4 &371529708367950924 stripped
Transform:
  m_CorrespondingSourceObject: {fileID: 1107035376836153140, guid: f3c26deb236a9c44b99571d9aeedf983,
    type: 3}
  m_PrefabInstance: {fileID: 755208917937208184}
  m_PrefabAsset: {fileID: 0}
--- !u!1001 &2334042538330359739
PrefabInstance:
  m_ObjectHideFlags: 0
  serializedVersion: 2
  m_Modification:
    m_TransformParent: {fileID: 7942680701845764092}
    m_Modifications:
    - target: {fileID: 1107035376836153140, guid: f3c26deb236a9c44b99571d9aeedf983,
        type: 3}
      propertyPath: m_LocalPosition.x
      value: -0.0005065602
      objectReference: {fileID: 0}
    - target: {fileID: 1107035376836153140, guid: f3c26deb236a9c44b99571d9aeedf983,
        type: 3}
      propertyPath: m_LocalPosition.y
      value: -0.0092138285
      objectReference: {fileID: 0}
    - target: {fileID: 1107035376836153140, guid: f3c26deb236a9c44b99571d9aeedf983,
        type: 3}
      propertyPath: m_LocalPosition.z
      value: 0.0011672592
      objectReference: {fileID: 0}
    - target: {fileID: 1107035376836153140, guid: f3c26deb236a9c44b99571d9aeedf983,
        type: 3}
      propertyPath: m_LocalRotation.x
      value: 0.4797411
      objectReference: {fileID: 0}
    - target: {fileID: 1107035376836153140, guid: f3c26deb236a9c44b99571d9aeedf983,
        type: 3}
      propertyPath: m_LocalRotation.y
      value: -0
      objectReference: {fileID: 0}
    - target: {fileID: 1107035376836153140, guid: f3c26deb236a9c44b99571d9aeedf983,
        type: 3}
      propertyPath: m_LocalRotation.z
      value: -0
      objectReference: {fileID: 0}
    - target: {fileID: 1107035376836153140, guid: f3c26deb236a9c44b99571d9aeedf983,
        type: 3}
      propertyPath: m_LocalRotation.w
      value: 0.8774101
      objectReference: {fileID: 0}
    - target: {fileID: 1107035376836153140, guid: f3c26deb236a9c44b99571d9aeedf983,
        type: 3}
      propertyPath: m_RootOrder
      value: 0
      objectReference: {fileID: 0}
    - target: {fileID: 1107035376836153140, guid: f3c26deb236a9c44b99571d9aeedf983,
        type: 3}
      propertyPath: m_LocalEulerAnglesHint.x
      value: 57.33699
      objectReference: {fileID: 0}
    - target: {fileID: 1107035376836153140, guid: f3c26deb236a9c44b99571d9aeedf983,
        type: 3}
      propertyPath: m_LocalEulerAnglesHint.y
      value: 0
      objectReference: {fileID: 0}
    - target: {fileID: 1107035376836153140, guid: f3c26deb236a9c44b99571d9aeedf983,
        type: 3}
      propertyPath: m_LocalEulerAnglesHint.z
      value: 0
      objectReference: {fileID: 0}
    - target: {fileID: 1764256324868024938, guid: f3c26deb236a9c44b99571d9aeedf983,
        type: 3}
      propertyPath: m_Name
      value: STAGE_LIGHT_RIG_004:Led_Head_Head
      objectReference: {fileID: 0}
    m_RemovedComponents: []
  m_SourcePrefab: {fileID: 100100000, guid: f3c26deb236a9c44b99571d9aeedf983, type: 3}
--- !u!4 &3402704392351713423 stripped
Transform:
  m_CorrespondingSourceObject: {fileID: 1107035376836153140, guid: f3c26deb236a9c44b99571d9aeedf983,
    type: 3}
  m_PrefabInstance: {fileID: 2334042538330359739}
  m_PrefabAsset: {fileID: 0}
--- !u!1001 &3739254140685621192
PrefabInstance:
  m_ObjectHideFlags: 0
  serializedVersion: 2
  m_Modification:
    m_TransformParent: {fileID: 6683322884017905448}
    m_Modifications:
    - target: {fileID: 1107035376836153140, guid: f3c26deb236a9c44b99571d9aeedf983,
        type: 3}
      propertyPath: m_LocalPosition.x
      value: -0.0005065602
      objectReference: {fileID: 0}
    - target: {fileID: 1107035376836153140, guid: f3c26deb236a9c44b99571d9aeedf983,
        type: 3}
      propertyPath: m_LocalPosition.y
      value: -0.0092138285
      objectReference: {fileID: 0}
    - target: {fileID: 1107035376836153140, guid: f3c26deb236a9c44b99571d9aeedf983,
        type: 3}
      propertyPath: m_LocalPosition.z
      value: 0.0011672592
      objectReference: {fileID: 0}
    - target: {fileID: 1107035376836153140, guid: f3c26deb236a9c44b99571d9aeedf983,
        type: 3}
      propertyPath: m_LocalRotation.x
      value: 0.4110125
      objectReference: {fileID: 0}
    - target: {fileID: 1107035376836153140, guid: f3c26deb236a9c44b99571d9aeedf983,
        type: 3}
      propertyPath: m_LocalRotation.y
      value: -0
      objectReference: {fileID: 0}
    - target: {fileID: 1107035376836153140, guid: f3c26deb236a9c44b99571d9aeedf983,
        type: 3}
      propertyPath: m_LocalRotation.z
      value: -0
      objectReference: {fileID: 0}
    - target: {fileID: 1107035376836153140, guid: f3c26deb236a9c44b99571d9aeedf983,
        type: 3}
      propertyPath: m_LocalRotation.w
      value: 0.91162974
      objectReference: {fileID: 0}
    - target: {fileID: 1107035376836153140, guid: f3c26deb236a9c44b99571d9aeedf983,
        type: 3}
      propertyPath: m_RootOrder
      value: 0
      objectReference: {fileID: 0}
    - target: {fileID: 1107035376836153140, guid: f3c26deb236a9c44b99571d9aeedf983,
        type: 3}
      propertyPath: m_LocalEulerAnglesHint.x
      value: 57.33699
      objectReference: {fileID: 0}
    - target: {fileID: 1107035376836153140, guid: f3c26deb236a9c44b99571d9aeedf983,
        type: 3}
      propertyPath: m_LocalEulerAnglesHint.y
      value: 0
      objectReference: {fileID: 0}
    - target: {fileID: 1107035376836153140, guid: f3c26deb236a9c44b99571d9aeedf983,
        type: 3}
      propertyPath: m_LocalEulerAnglesHint.z
      value: 0
      objectReference: {fileID: 0}
    - target: {fileID: 1764256324868024938, guid: f3c26deb236a9c44b99571d9aeedf983,
        type: 3}
      propertyPath: m_Name
      value: STAGE_LIGHT_RIG_005_Led_Head_Head
      objectReference: {fileID: 0}
    m_RemovedComponents: []
  m_SourcePrefab: {fileID: 100100000, guid: f3c26deb236a9c44b99571d9aeedf983, type: 3}
--- !u!4 &4375393389175478524 stripped
Transform:
  m_CorrespondingSourceObject: {fileID: 1107035376836153140, guid: f3c26deb236a9c44b99571d9aeedf983,
    type: 3}
  m_PrefabInstance: {fileID: 3739254140685621192}
  m_PrefabAsset: {fileID: 0}
--- !u!1001 &4860148415459602250
PrefabInstance:
  m_ObjectHideFlags: 0
  serializedVersion: 2
  m_Modification:
    m_TransformParent: {fileID: 4235654411078924853}
    m_Modifications:
    - target: {fileID: 1107035376836153140, guid: f3c26deb236a9c44b99571d9aeedf983,
        type: 3}
      propertyPath: m_LocalPosition.x
      value: -0.0005065602
      objectReference: {fileID: 0}
    - target: {fileID: 1107035376836153140, guid: f3c26deb236a9c44b99571d9aeedf983,
        type: 3}
      propertyPath: m_LocalPosition.y
      value: -0.0092138285
      objectReference: {fileID: 0}
    - target: {fileID: 1107035376836153140, guid: f3c26deb236a9c44b99571d9aeedf983,
        type: 3}
      propertyPath: m_LocalPosition.z
      value: 0.0011672592
      objectReference: {fileID: 0}
    - target: {fileID: 1107035376836153140, guid: f3c26deb236a9c44b99571d9aeedf983,
        type: 3}
      propertyPath: m_LocalRotation.x
      value: 0.5283907
      objectReference: {fileID: 0}
    - target: {fileID: 1107035376836153140, guid: f3c26deb236a9c44b99571d9aeedf983,
        type: 3}
      propertyPath: m_LocalRotation.y
      value: -0
      objectReference: {fileID: 0}
    - target: {fileID: 1107035376836153140, guid: f3c26deb236a9c44b99571d9aeedf983,
        type: 3}
      propertyPath: m_LocalRotation.z
      value: -0
      objectReference: {fileID: 0}
    - target: {fileID: 1107035376836153140, guid: f3c26deb236a9c44b99571d9aeedf983,
        type: 3}
      propertyPath: m_LocalRotation.w
      value: 0.8490014
      objectReference: {fileID: 0}
    - target: {fileID: 1107035376836153140, guid: f3c26deb236a9c44b99571d9aeedf983,
        type: 3}
      propertyPath: m_RootOrder
      value: 0
      objectReference: {fileID: 0}
    - target: {fileID: 1107035376836153140, guid: f3c26deb236a9c44b99571d9aeedf983,
        type: 3}
      propertyPath: m_LocalEulerAnglesHint.x
      value: 57.33699
      objectReference: {fileID: 0}
    - target: {fileID: 1107035376836153140, guid: f3c26deb236a9c44b99571d9aeedf983,
        type: 3}
      propertyPath: m_LocalEulerAnglesHint.y
      value: 0
      objectReference: {fileID: 0}
    - target: {fileID: 1107035376836153140, guid: f3c26deb236a9c44b99571d9aeedf983,
        type: 3}
      propertyPath: m_LocalEulerAnglesHint.z
      value: 0
      objectReference: {fileID: 0}
    - target: {fileID: 1764256324868024938, guid: f3c26deb236a9c44b99571d9aeedf983,
        type: 3}
      propertyPath: m_Name
      value: STAGE_LIGHT_RIG_007_Led_Head_Head
      objectReference: {fileID: 0}
    m_RemovedComponents: []
  m_SourcePrefab: {fileID: 100100000, guid: f3c26deb236a9c44b99571d9aeedf983, type: 3}
--- !u!4 &5489410708413718654 stripped
Transform:
  m_CorrespondingSourceObject: {fileID: 1107035376836153140, guid: f3c26deb236a9c44b99571d9aeedf983,
    type: 3}
  m_PrefabInstance: {fileID: 4860148415459602250}
  m_PrefabAsset: {fileID: 0}
--- !u!1001 &5533805310766392666
PrefabInstance:
  m_ObjectHideFlags: 0
  serializedVersion: 2
  m_Modification:
    m_TransformParent: {fileID: 81164485511547278}
    m_Modifications:
    - target: {fileID: 1107035376836153140, guid: f3c26deb236a9c44b99571d9aeedf983,
        type: 3}
      propertyPath: m_LocalPosition.x
      value: -0.0005065602
      objectReference: {fileID: 0}
    - target: {fileID: 1107035376836153140, guid: f3c26deb236a9c44b99571d9aeedf983,
        type: 3}
      propertyPath: m_LocalPosition.y
      value: -0.0092138285
      objectReference: {fileID: 0}
    - target: {fileID: 1107035376836153140, guid: f3c26deb236a9c44b99571d9aeedf983,
        type: 3}
      propertyPath: m_LocalPosition.z
      value: 0.0011672592
      objectReference: {fileID: 0}
    - target: {fileID: 1107035376836153140, guid: f3c26deb236a9c44b99571d9aeedf983,
        type: 3}
      propertyPath: m_LocalRotation.x
      value: 0.43534517
      objectReference: {fileID: 0}
    - target: {fileID: 1107035376836153140, guid: f3c26deb236a9c44b99571d9aeedf983,
        type: 3}
      propertyPath: m_LocalRotation.y
      value: -0
      objectReference: {fileID: 0}
    - target: {fileID: 1107035376836153140, guid: f3c26deb236a9c44b99571d9aeedf983,
        type: 3}
      propertyPath: m_LocalRotation.z
      value: -0
      objectReference: {fileID: 0}
    - target: {fileID: 1107035376836153140, guid: f3c26deb236a9c44b99571d9aeedf983,
        type: 3}
      propertyPath: m_LocalRotation.w
      value: 0.9002636
      objectReference: {fileID: 0}
    - target: {fileID: 1107035376836153140, guid: f3c26deb236a9c44b99571d9aeedf983,
        type: 3}
      propertyPath: m_RootOrder
      value: 0
      objectReference: {fileID: 0}
    - target: {fileID: 1107035376836153140, guid: f3c26deb236a9c44b99571d9aeedf983,
        type: 3}
      propertyPath: m_LocalEulerAnglesHint.x
      value: 57.33699
      objectReference: {fileID: 0}
    - target: {fileID: 1107035376836153140, guid: f3c26deb236a9c44b99571d9aeedf983,
        type: 3}
      propertyPath: m_LocalEulerAnglesHint.y
      value: 0
      objectReference: {fileID: 0}
    - target: {fileID: 1107035376836153140, guid: f3c26deb236a9c44b99571d9aeedf983,
        type: 3}
      propertyPath: m_LocalEulerAnglesHint.z
      value: 0
      objectReference: {fileID: 0}
    - target: {fileID: 1764256324868024938, guid: f3c26deb236a9c44b99571d9aeedf983,
        type: 3}
      propertyPath: m_Name
      value: STAGE_LIGHT_RIG_008_Led_Head_Head
      objectReference: {fileID: 0}
    m_RemovedComponents: []
  m_SourcePrefab: {fileID: 100100000, guid: f3c26deb236a9c44b99571d9aeedf983, type: 3}
--- !u!4 &4868668630775802478 stripped
Transform:
  m_CorrespondingSourceObject: {fileID: 1107035376836153140, guid: f3c26deb236a9c44b99571d9aeedf983,
    type: 3}
  m_PrefabInstance: {fileID: 5533805310766392666}
  m_PrefabAsset: {fileID: 0}
--- !u!1001 &8403010433354065999
PrefabInstance:
  m_ObjectHideFlags: 0
  serializedVersion: 2
  m_Modification:
    m_TransformParent: {fileID: 2387337157469894059}
    m_Modifications:
    - target: {fileID: 1107035376836153140, guid: f3c26deb236a9c44b99571d9aeedf983,
        type: 3}
      propertyPath: m_LocalPosition.x
      value: -0.0005065602
      objectReference: {fileID: 0}
    - target: {fileID: 1107035376836153140, guid: f3c26deb236a9c44b99571d9aeedf983,
        type: 3}
      propertyPath: m_LocalPosition.y
      value: -0.0092138285
      objectReference: {fileID: 0}
    - target: {fileID: 1107035376836153140, guid: f3c26deb236a9c44b99571d9aeedf983,
        type: 3}
      propertyPath: m_LocalPosition.z
      value: 0.0011672592
      objectReference: {fileID: 0}
    - target: {fileID: 1107035376836153140, guid: f3c26deb236a9c44b99571d9aeedf983,
        type: 3}
      propertyPath: m_LocalRotation.x
      value: 0.46979925
      objectReference: {fileID: 0}
    - target: {fileID: 1107035376836153140, guid: f3c26deb236a9c44b99571d9aeedf983,
        type: 3}
      propertyPath: m_LocalRotation.y
      value: -0
      objectReference: {fileID: 0}
    - target: {fileID: 1107035376836153140, guid: f3c26deb236a9c44b99571d9aeedf983,
        type: 3}
      propertyPath: m_LocalRotation.z
      value: -0
      objectReference: {fileID: 0}
    - target: {fileID: 1107035376836153140, guid: f3c26deb236a9c44b99571d9aeedf983,
        type: 3}
      propertyPath: m_LocalRotation.w
      value: 0.88277334
      objectReference: {fileID: 0}
    - target: {fileID: 1107035376836153140, guid: f3c26deb236a9c44b99571d9aeedf983,
        type: 3}
      propertyPath: m_RootOrder
      value: 0
      objectReference: {fileID: 0}
    - target: {fileID: 1107035376836153140, guid: f3c26deb236a9c44b99571d9aeedf983,
        type: 3}
      propertyPath: m_LocalEulerAnglesHint.x
      value: 57.33699
      objectReference: {fileID: 0}
    - target: {fileID: 1107035376836153140, guid: f3c26deb236a9c44b99571d9aeedf983,
        type: 3}
      propertyPath: m_LocalEulerAnglesHint.y
      value: 0
      objectReference: {fileID: 0}
    - target: {fileID: 1107035376836153140, guid: f3c26deb236a9c44b99571d9aeedf983,
        type: 3}
      propertyPath: m_LocalEulerAnglesHint.z
      value: 0
      objectReference: {fileID: 0}
    - target: {fileID: 1764256324868024938, guid: f3c26deb236a9c44b99571d9aeedf983,
        type: 3}
      propertyPath: m_Name
      value: STAGE_LIGHT_RIG_006_Led_Head_Head
      objectReference: {fileID: 0}
    m_RemovedComponents: []
  m_SourcePrefab: {fileID: 100100000, guid: f3c26deb236a9c44b99571d9aeedf983, type: 3}
--- !u!4 &8917557963760363387 stripped
Transform:
  m_CorrespondingSourceObject: {fileID: 1107035376836153140, guid: f3c26deb236a9c44b99571d9aeedf983,
    type: 3}
  m_PrefabInstance: {fileID: 8403010433354065999}
  m_PrefabAsset: {fileID: 0}
